|0000|012|0|01122018|31122018|D&G COMERCIO DE AUTOPECAS LTDA|14045341000198||CE|065732162|2304400|||A|1|
|0001|0|
|0005|DCC AUTOMOTIVE|60120095|R CAPITAO MELO|4112||TAUAPE|21212121213|21213213213||
|0100|FORTALEZA|71180672372|123456|08960637000131|60160210|RUA GUSTAVO SAMPAIO|722|- SALA 01|PARQUELANDIA|08532145588||email@gmail.com|2304400|
|0150|F00796209000103|A.M.FEIJÃO DE MENESES|01058|00796209000103||069597570|2304400||Rua ISAC MEYER|115||ALDEOTA|
|0150|C02388414300|AIRTON BATISTA - SEDAN|01058||02388414300||2304400||AV ROGACIANO LEITE|323,|LJ 2|GUARARAPES|
|0150|C00888486049|AIRTON COSTA CORREA|01058||00888486049||2304400||Rua RUA DR GILBERTO STUDART|3173||MANOEL DIAS BRANCO|
|0150|C24020996000165|AJ COMERCIO DE MOVEIS E COLCHOES LTDA|01058|24020996000165||64932460|2304400||Rua RUA TENENTE RENATO AGUIAR|72||ITAPERY|
|0150|C02680200357|ALANA KARLA SOUSA LUCAS|01058||02680200357||2304400||RUA PINTO MADEIRA|667,|AP 2002|ALDEOTA|
|0150|C21027706304|ALBENISA LIMA PEIXOTO|01058||21027706304||2304400||RUA NUNES VALENTE|275,|AP 1902N|MEIRELES|
|0150|C30984157387|ALEXANDRE GADELHA DE QUEIROZ|01058||30984157387||2304400||AV RUI BARBOSA|475||MEIRELES|
|0150|F30984157387|ALEXANDRE GADELHA DE QUEIROZ|01058||30984157387||2304400||AV RUI BARBOSA|475||MEIRELES|
|0150|C42407800559|ALEXANDRE MAIA PIRES|01058||42407800559||2304400||Rua RUA BRUNO PORTO|600,|AP 601 BC|CENTRO|
|0150|C02705302310|ALINE MARIA BAYMA DE OLIVEIRA|01058||02705302310||2304400||Rua RUA JUAZEIRO|172||CAJAZEIRAS|
|0150|C44055986734|ALMIRO MARINHO JUNIOR|01058||44055986734||2304400||AV BEIRA MAR|4320||MEIRELES|
|0150|C23570830349|ALUISIO CESAR FONSECA DE PAULA|01058||23570830349||2304400||Rua RUA MARTINS NETO|||ANTONIO BEZERRA|
|0150|C05325138359|ALYSSA CASTELO BRANCO ALENCAR ANDRADE|01058||05325138359||2304400||Rua VICENTE LEITE|700,|AP 800|MEIRELES|
|0150|F05325138359|ALYSSA CASTELO BRANCO ALENCAR ANDRADE|01058||05325138359||2304400||Rua VICENTE LEITE|700|AP 800|MEIRELES|
|0150|C17899662000148|AMANDA HOLANDA ALMEIDA ODONTOLOGIA|01058|17899662000148|||2304400||AV DOUTOR SILAS MUNGUBA|643||PARANGABA|
|0150|C53436490849|AMERICO SILVEIRA DO CARMO|01058||53436490849||2304285||AV JOSE MORAIS DE ALMEIDA|777||COACU|
|0150|C62944827391|ANA ANGELICA BASTOS VASCONCELOS|01058||62944827391||2304400||Rua MARCOS MACêDO|794,|AP 502|ALDEOTA|
|0150|C60513848398|ANA BEATRIZ DE CASTRO VIDAL|01058||60513848398||2304400||Rua JULIO ALCIDES|323,|CASA 08|MARAPONGA|
|0150|C31388728320|ANA JULIA PEIXOTO NOGUEIRA|01058||31388728320||2304400||Rua DOM EXPEDITO LOPES|2255,|AP 1301|DIONISIO TORRES|
|0150|F11306491304|ANA MARIA DE PRAXEDES COSTA|01058||11306491304||2304400||AV VISCONDE DO RIO BRANCO|2421||JOAQUIM TAVORA|
|0150|C02737337453|ANA MARIA MEDEIROS DE LACERDA E MELO|01058||02737337453||2304400||Rua CARLOS BARBOSA|653||PAPICU|
|0150|C16344952334|ANA MARIA SOUSA SILVA|01058||16344952334||2304400||Rua PROFESSOR COSTA MENDES|100||BOM FUTURO|
|0150|C81983166391|ANA SHEILA CHAGAS PINHO|01058||81983166391||2307700||Rua RUA SETE DE SETEMBRO|46||CENTRO|
|0150|C65637836353|ANA TAVARES BENICIO LUCIANO|01058||65637836353||2304400||Rua TOMe DE SOUSA|538||MESSEJANA|
|0150|C61787868320|ANDREA ARRUDA PATRICIO DE OLIVEIRA|01058||61787868320||2310209||Rua RUA OSCAR PRATA LIMA|662||CAMPO DA AVIACA|
|0150|C04232272380|ANNA AMELIA DE FREITAS CAVALCANTE|01058||04232272380||2304285||ROD ROD CE 040 KM|22||PIRES FACANHA|
|0150|C11758490306|ANTONIA ALVES DE ALENCAR|01058||11758490306||2304400||Rua RUA PROFESSOR HERACLITO|744||PAPICU|
|0150|C50743449304|ANTONIA CESAR DOS SANTOS|01058||50743449304||2304400||Rua RUA FENELON BOMILCAR|269||JARDIM IRACEMA|
|0150|C69207402300|ANTONIA COSTA DOS SANTOS|01058||69207402300||2304400||Rua RUA MATEUS LEMOS|4591||GRANJA PORTUGAL|
|0150|C29135111801|ANTONIA MARCIA PESSOA DE ALMEIDA|01058||29135111801||2304400||Rua F|4376,|CONJUNTO BARROSO II|PASSARE|
|0150|C80594743320|ANTONIA MONTEIRO DE SOUSA NETA|01058||80594743320||2304400||Rua BARBOSA DE FREITAS|941,|AP 1701|ALDEOTA|
|0150|C20347723349|ANTONIO ADERSON ALMEIDA DOMINGOS|01058||20347723349||2304400||Rua RUA JULIO BRAGA|630,|T 1 AP 604|JOQUEI CLUBE|
|0150|C96658037353|ANTONIO BRUNO RIBEIRO DA COSTA|01058||96658037353||2304400||1ª AV BEIRA MAR|2571||MEIRELES|
|0150|C36798487300|ANTONIO CLAUDIO MOREIRA LIMA|01058||36798487300||2304400||Rua RUA PARAGUAÇU|737||SERRINHA|
|0150|C64560660344|ANTONIO MANUEL FELIX|01058||64560660344||2304251||Rua RUA 07 DE SETEMBO|1433||CENTRO|
|0150|C79622720315|ANTONIO MARCELO DE FREITAS NUNES|01058||79622720315||2304400||Rua RUA PARQUE VILA VELHA|21||BARRA DO CEARA|
|0150|C23232951368|ANTONIO NOBRE BATISTA|01058||23232951368||2304400||Rua PROFESSOR DIAS DA ROCHA|711,|AP 100|MEIRELES|
|0150|C77969120300|ANTONIO VIEIRA GOMES NETO|01058||77969120300||2304400||Rua GONTRAN GIFFONI|100|AP 1201 T3|LUCIANO CAVALCANTE|
|0150|F07201916000582|ARAUJO CABRAL & ALVES LTDA - AS|01058|07201916000582||60935472|2304400||ANTôNIO SALES|3210||DIONISIO TORRES|
|0150|C07799021000168|AREIA BRANCA ADMINISTRAÇÃO DE BENS LTDA|01058|07799021000168|||2301000||R VIA LOCAL|28||CENTRO|
|0150|F17024188391|ARGENTINA NASLE GOES SARQUIS|01058||17024188391||2304400||Rua PEREIRA DE MIRANDA|555|AP 153 T III|PAPICU|
|0150|C28442180320|ARIOSVALDO FERNANDES LIMA|01058||28442180320||2304400||Rua RUA ITALIA|209,|CASA 32|MARAPONGA|
|0150|C03357716372|ARISETE HOLANDA MAURICIO|01058||03357716372||2304400||Rua RUA BENJAMIM MOURA|227||CIDADE DOS FUNC|
|0150|C03080911326|ARITANA CAVALCANTE RODRIGUES|01058||03080911326||2304400||Rua BARaO DE ARATANHA|1020|AP 1401|JOSE BONIFACIO|
|0150|C87356287315|ARNALDO GOMES DA SILVA REINALDO|01058||87356287315||2304400||Rua RUA CORONEL JOAO DE OLIVEIRA|355,|T|MESSEJANA|
|0150|C03738469320|AUDIZIO LOPES DA COSTA|01058||03738469320||2304400||Rua PEDRO DE QUEIROZ|529||Parquelândia|
|0150|F09445644000168|BACHA & CIA LTDA|01058|09445644000168||068275897|2304400||Rua FLORIANO PEIXOTO|221||CENTRO|
|0150|F07857332000136|BAJ COMERCIAL VAREJISTA DE COMBUSTIVEIS|01058|07857332000136||061945641|2304400||AV PONTES VIEIRA|1341||TAUAPE|
|0150|C09479799308|BERNARDO FONTENELE CALDAS|01058||09479799308||2304400||Rua DA MEDIANEIRA|81,|AP 1502|ALDEOTA|
|0150|F09479799308|BERNARDO FONTENELE CALDAS|01058||09479799308||2304400||Rua DA MEDIANEIRA|81|AP 1502|ALDEOTA|
|0150|C29590170000155|BEZERRA & PINHEIRO CONSULTORIA E TREINAM|01058|29590170000155|||2304400||AV TREZE DE MAIO|1116,|804|FATIMA|
|0150|F01838723025707|BRF S.A|01058|01838723025707||069667250|2306256||ROD. BR 116 KM 4|14280||JIBOIA|
|0150|C06511722414|BRUNA FREIRE SALEM DE MIRANDA|01058||06511722414||2304400||Rua RUA NUNES VALENTE|2220,|AP 201|ALDEOTA|
|0150|C60949950319|BRUNA KELVIA DANTAS TEIXEIRA|01058||60949950319||2304400||AV MANOEL MAVIGNIER|7000||SABIAGUABA|
|0150|C13221067704|BRUNO PETERSON DE ALMEIDA PEREIRA|01058||13221067704||2304400||Rua RUA VILEBAUDO AGUIAR|2100,|AP 1303|COCO|
|0150|C99997150368|CAMILA LOPES DOS SANTOS|01058||99997150368||2304400||Rua HENRIQUE ELLERY|121,|AP 103|ELLERY|
|0150|C55649645353|CARLA CRISTIANA CARVALHO|01058||55649645353||2304400||Rua JOVINO GUEDES|60|APT 404|ALDEOTA|
|0150|C19129572304|CARLOS AUGUSTO BANDEIRA DE LAVOR|01058||19129572304||2304285||Rua RUA SANTA CECILIA|1433||GUARIBAS|
|0150|C32206429349|CARLOS ERNESTO OLIVEIRA LIMA|01058||32206429349||2304400||Rua RUA NADIR SABOIA|265,|CS 22|EDSON QUEIROZ|
|0150|C84239514304|CARLOS HENRIQUE SANTOS DE OLIVEIRA|01058||84239514304||2303709||Rua RUA JORGE GUIMARAES ALMEIDA|16,|CAS|PARQUE POTIRA|
|0150|C12246700353|CARMINA MARIA FEITOSA DIAS|01058||12246700353||2304400||Rua ANTôNIO AUGUSTO|1451,|AP 104|ALDEOTA|
|0150|F12246700353|CARMINA MARIA FEITOSA DIAS|01058||12246700353||2304400||Rua ANToNIO AUGUSTO|1451|AP 104|ALDEOTA|
|0150|C07208184000129|CEARA MOTOR LTDA|01058|07208184000129||061027782|2304400||RUA BARãO DO RIO BRANCO|2375,|(85) 3455|CENTRO|
|0150|C77715250325|CESAR WAGNER MONTENEGRO LIMA|01058||77715250325||2304400||Rua MARCOS MACêDO|770,|AP 801|ALDEOTA|
|0150|C43048064320|CHRISTIAN FERREIRA MELO|01058||43048064320||2304400||Rua RUA HENRIQUETA GALENO|1080,|301|COCO|
|0150|C51844044815|CHRISTIAN MARCEL PRUDENT SAINTRAIN|01058||51844044815||2304400||Rua IRMa SIMAS|100|AP 201 A|VARJOTA|
|0150|C03605535321|CHRISTIANI MARIA VERRI ALEXANDRE MARQUES|01058||03605535321||2304400||Rua R DR GILBERTO STUDART|1290,|AP 700|COCO|
|0150|C31928242391|CID DA SILVA CASTRO|01058||31928242391||2304400||Rua GUSTAVO SAMPAIO|1413,|1304|Parquelândia|
|0150|F28924673300|CLAUDIA VIEIRA GOMES FERNANDES|01058||28924673300||2304400||Rua RUA OLEGARIO MEMORIA|3838||SAPIRANGA|
|0150|C42001811268|CLAUDILENE SOUSA LIMA|01058||42001811268||2303709||Rua R BARRACA DO CANARINHO|245||TABUBA|
|0150|F42001811268|CLAUDILENE SOUSA LIMA|01058||42001811268||2303709||Rua R BARRACA DO CANARINHO|245||TABUBA|
|0150|C94946817387|CLEISIANE ROSSI SIMPLICIO - VN ABO|01058||94946817387||2304400||AVENI JOãO PESSOA|3711||MONTESE|
|0150|C17122593000161|CLG REPRESENTACOES LTDA|01058|17122593000161|||2306256||R J|,|CASA 150|Parque Dom Pedr|
|0150|C00327248000161|COMERCIAL TAVARES DE COMBUSTIVEIS E LUBR|01058|00327248000161||069444994|2304400||AV SANTOS DUMONT|3976||ALDEOTA|
|0150|C63186381304|CRISTIANA LOPES BARROSO|01058||63186381304||2304400||AV BEIRA MAR|2120,|AP 1307|MEIRELES|
|0150|C23053356368|CRISTIANE PASSOS BENEVIDES CAVALCANTE|01058||23053356368||2304400||AV BEIRA MAR|4400,|AP 1500|MEIRELES|
|0150|C44058705353|CRISTIANO PEREIRA DE ABREU|01058||44058705353||2304400||1ª RU ARQUITETO REGINALDO RANGEL|155,|A|COCO|
|0150|C14045341000279|D&G COMERCIO DE AUTOPECAS LTDA|01058|14045341000279||195496612|2211001||R RUA ELETRICISTA GUILHERME|653||FATIMA|
|0150|C14045341000350|D&G COMERCIO DE AUTOPECAS LTDA|01058|14045341000350||162641419|2507507||Rua PREFEITO JOSe LEITE|68|C|MIRAMAR|
|0150|F06053779000432|DANFAB PECAS E ACESSORIOS LTDA|01058|06053779000432||064073203|2304400||AV CARNEIRO DE MENDONCA|446||JOQUEI CLUBE|
|0150|C78743982387|DANIEL LINCOLN CALHEIROS CAMPELO MAIA|01058||78743982387||2311801||Rua CORONEL PERDIGÃO SOBRINHO|777||CENTRO|
|0150|C09115013391|DANIEL MOTA DOS SANTOS|01058||09115013391||2304400||Rua JúLIO DA SILVEIRA|111,|AP 506|VILA UNIAO|
|0150|C51286459320|DANIELLE CAVALCANTE ROCHA|01058||51286459320||2304400||Rua OSVALDO CRUZ|515,|AP 400|MEIRELES|
|0150|C32133383387|DANIELLE PINTO BARDAWIL BARBOSA|01058||32133383387||2304400||AV BEIRA MAR|4500,|AP 600|MUCURIPE|
|0150|F32133383387|DANIELLE PINTO BARDAWIL BARBOSA|01058||32133383387||2304400||AV BEIRA MAR|4500|AP 600|MUCURIPE|
|0150|C63122421372|DAVID ALCANTARA ISIDORO|01058||63122421372||2304400||Rua FRANCOIS TELES DE MENEZES|20,|AP 60|FATIMA|
|0150|C66040744391|DAVID WEBER SAMPAIO SOUSA|01058||66040744391||2304400||Rua LEDA PORTO FREIRE|101||PARQUE IRACEMA|
|0150|C42390842372|DEGMAR SAMPAIO DIAS|01058||42390842372||2304400||AV AVENIDA BULEVAR II|265||JANGURUSSU|
|0150|C91325404349|DELANIO DE OLIVEIRA FERREIRA|01058||91325404349||2304400||Rua VALVERDE|762||BOM JARDIM|
|0150|C31574295000133|DIEGO RONAN SOUSA ARRAIS 60039071340|01058|31574295000133||067809200|2304400||EST DO SIQUEIRA|255|CASA 27|PARQUE NOVO MONDUBIM|
|0150|C67009581304|DIOGO COUTO FILOMENO FERREIRA GOMES|01058||67009581304||2303709||Rua RUA DOS CóRREGOS|0000||PARQUE ALBANO|
|0150|F07319224000100|DISTAC DIST DE ACESSORIOS AUTOMOTIVOS LT|01058|07319224000100||061791679|2304400||Rua CARLOS VASCONCELOS|2206,|A|MEIRELES|
|0150|C25930460310|DULCE FERRER LINHARES GARCIA|01058||25930460310||2307502||Rua RUA MONSENHOR MACENO|230||CENTRO|
|0150|C24632775304|EDUARDO RODRIGUES FERREIRA GOMES|01058||24632775304||2304400||Rua RUA GAL SAMPAIO|1762||CENTRO|
|0150|C47329475300|EDVANDO LIMA DA COSTA|01058||47329475300||2301109||AV AV STO ANTONIO|0||CENTRO|
|0150|F00359796000173|ELETROPARTS DIST. AUTO PEÇAS LTDA.|01058|00359796000173||069463506|2304400||RUA SENADOR POMPEU|1415||CENTRO|
|0150|C88442888349|ELIAS DO AMARAL BENEVIDES|01058||88442888349||2304400||Rua RUA JULIO BRIGIDO|110||ANTONIO BEZERRA|
|0150|C06467718410|ELTON BRUNO MENEZES LOPES|01058||06467718410||2304400||Rua BARãO DO RIO BRANCO|2375||JOSE BONIFACIO|
|0150|C63959020325|ENDSON PEREIRA DA SILVA|01058||63959020325||2304400||Rua RUA CREUZA ROCHA|336||JARDIM GUANABAR|
|0150|C01859648000261|ENGETRAN ENG IND E COM DE PECAS E ACESS|01058|01859648000261||379177207118|3523107||Rua FLOR DE NOIVA|800||QUINTA DA BOA V|
|0150|F01859648000261|ENGETRAN ENG IND E COM DE PECAS E ACESS|01058|01859648000261||379177207118|3523107||Rua FLOR DE NOIVA|800||QUINTA DA BOA V|
|0150|C10352056000169|ENPECEL ENGENHARIA LTDA|01058|10352056000169||063686228|2304400||Rua RUA MANUEL FIRMINO SAMPAIO|155||PATRIOLINO RIBE|
|0150|F10352056000169|ENPECEL ENGENHARIA LTDA|01058|10352056000169||063686228|2304400||Rua RUA MANUEL FIRMINO SAMPAIO|155||PATRIOLINO RIBEIRO|
|0150|C51289393320|ERIKA DE PAULA LIMA|01058||51289393320||2304400||AV ISABEL MAIA SILVA|600,|CASA 3|José de Alencar|
|0150|C15517470300|ERNILDA DA SILVA FREITAS|01058||15517470300||2304400||Rua LUíS Sá|1960,|A|PARANGABA|
|0150|C00093246315|ESMERINO GOMES ROCHA|01058||00093246315||2304400||Rua MARCOS MACêDO|605,|AP 502|ALDEOTA|
|0150|C63008875378|ESTHER NOJOZA PINHEIRO|01058||63008875378||2304400||Rua RUA RODRIGO SANDOVAL|250,|AP 1002 T|MONDUBIM|
|0150|C32091048000149|EUGENIO GIOVANNI FIGUEIREDO BARBOSA JUNI|01058|32091048000149|||2304400||AV NILA GOMES DE SOAREZ|303,|APT 303|CIDADE 2000|
|0150|F12223212000117|FAAFTECH SOLUÇOES INTELIGENTES|01058|12223212000117||104753480|5208707||Rua RUA 90|929,|QUADRA F42-A LT 125|SETOR SUL|
|0150|C79727433391|FABIANO SILVA VASCONCELOS|01058||79727433391||2307809||Rua RUA 22 DE NOVEMBRO|882||CENTRO|
|0150|C00439759331|FABIO GONDIM LIMA|01058||00439759331||2304400||Rua DOM JOSé TUPINAMBá|790||CARLITO PAMPLON|
|0150|C00727151380|FABIOLA MARIA FACANHA DE MENEZES|01058||00727151380||2303709||Rua 15 DE NOVEMBRO|258,|A|CENTRO|
|0150|C07371495000104|FAZAUTO FORTALEZA AUTOMOTORES LTDA|01058|07371495000104||061048844|2304400||AVENI HERACLITO GRAçA|1245||CENTRO|
|0150|C02283357365|FELIPE FERNANDES LIMA|01058||02283357365||2304400||Rua JOãO CORDEIRO|949,|AP 1502|PRAIA DE IRACEM|
|0150|C81997884372|FERNANDO DE BRITO AVELINO|01058||81997884372||2304400||Rua TAVARES COUTINHO|1739,|AP 204|VARJOTA|
|0150|C61441864334|FERNANDO HOLANDA COSTA JUNIOR|01058||61441864334||2304400||Rua RUA CHICO MOTA|242||DIAS MACEDO|
|0150|F14293193000120|FLASH TAPETES LTDA|01058|14293193000120||146495192113|3550308||Rua RUA SAMAMBAIA|372||BOSQUE DA SAUDE|
|0150|C49203312315|FLAVIO DE SOUSA REBOUCAS|01058||49203312315||2304400||Rua RUA OSCAR BEZERRA|72,|AP 402 A|DAMAS|
|0150|C23335866304|FRANCISCA CAVALCANTE FEITOSA CARVALHO|01058||23335866304||2304400||Rua EUSéBIO DE SOUSA|379,|AP 201|JOSE BONIFACIO|
|0150|C00968956408|FRANCISCA DAS CHAGAS FREITAS|01058||00968956408||2304400||JOSE BALMA|10||MESSEJANA|
|0150|C84246987387|FRANCISCA EUDENIA DE LIMA|01058||84246987387||2304400||Rua SOLON PINHEIRO|1070||JOSE BONIFACIO|
|0150|C42294991320|FRANCISCA MOREIRA DE CASTRO|01058||42294991320||2304400||AV AV LUCIANO CARNEIRO|2120|AP 303|VILA UNIAO|
|0150|C02500661000101|FRANCISCA VERALUCIA CAMELO MORAIS|01058|02500661000101||062663739|2306306||Rua FELIPE SAMPAIO|208,|LOJA 10|CENTRO|
|0150|C18896758300|FRANCISCO CARLOS GOMES DOS SANTOS|01058||18896758300||2304400||Rua TEODOMIRO DE CASTRO|4497||ALVARO WEYNE|
|0150|C23188375387|FRANCISCO CORACI CAMELO PONTE|01058||23188375387||2304400||Rua ROMEU MARTINS|140,|CASA 16|MONTESE|
|0150|C08121699304|FRANCISCO DE ASSIS TORRES DA COSTA|01058||08121699304||2301109||Rua CORONEL ALEXANDRINO|530||CENTRO|
|0150|C70190003391|FRANCISCO EDSON ROCHA BARBOSA|01058||70190003391||2304400||Rua RUA TIPOGRAFO SALES|135||Parquelandia|
|0150|C00114334340|FRANCISCO EDUARDO DOS SANTOS OLIVEIRA|01058||00114334340||2304400||Rua C|76||CAJAZEIRAS|
|0150|C02595940325|FRANCISCO ESTELITO RODRIGUES PIMENTEL|01058||02595940325||2304400||Rua MARTINHO DE CARVALHO|4631||GRANJA LISBOA|
|0150|C58244409304|FRANCISCO FABRICIO DE LIMA FREITAS|01058||58244409304||2304400||Rua NUNES VALENTE|2390,|AP 801|DIONISIO TORRES|
|0150|C37048147334|FRANCISCO JOSE DE MENEZES|01058||37048147334||2300200||AV AV JOAO JAIME FERREIRA GOMES|161||CENTRO|
|0150|C16150929353|FRANCISCO JOSE RODRIGUES PIERRE|01058||16150929353||2304400||AV AV ABOLICAO|2667,|AP 307|MEIRELES|
|0150|C80615368387|FRANCISCO LINDOMAR OLIVEIRA SOUSA|01058||80615368387||2301950||Rua PV DO ARROZ|||Zona Rural|
|0150|C04520920353|FRANCISCO NILSON DE VASCONCELOS|01058||04520920353||2304400||Rua DEPUTADO MOREIRA DA ROCHA|542,|AP 1|MEIRELES|
|0150|C04929292387|FRANCISCO ONOFRE XIMENES DE FARIAS|01058||04929292387||2304400||Rua RUA NENEN BARROSO|137||CENTRO|
|0150|C15288334000180|FRANCISCO RONALDE DE OLIVEIRA FREIRES|01058|15288334000180||065965914|2304400||Rua PERU|804||ITAOCA|
|0150|C11469534886|FRANCISCO ZUILDO MOTA|01058||11469534886||2304400||AV CASTELO DE CASTRO|590||JANGURUSSU|
|0150|C73410888772|FRANKLIN NOGUEIRA VENTURA|01058||73410888772||2304400||Rua CANUTO DE AGUIAR|391,|AP 200|MEIRELES|
|0150|C01038840414|GABRIELA MARIA COSTA SILVA|01058||01038840414||2304400||Rua RUA DAS CARNAúBAS|441,|BL A2 AP 403|PASSARE|
|0150|C76987868387|GADYEL GONCALVES DE AGUIAR PAULO|01058||76987868387||2304400||Rua VILEBALDO AGUIAR|1521,|A|CENTRO|
|0150|C02460357303|GEORGE ANDRADE MARQUES|01058||02460357303||2304400||Rua R DR. GILBERTO STUDART|1290||COCO|
|0150|C76849228315|GERSON SAMPAIO GRADVOHL|01058||76849228315||2304400||Rua DA PAZ|455,|AP 701|MUCURIPE|
|0150|C00769039316|GEZIANE COUTINHO DA SILVA|01058||00769039316||2304400||Rua CAPITAO MELO|901||SAO JOAO DO TAU|
|0150|C73818100349|GISELE MAGIONI CALDAS LOPES|01058||73818100349||2304400||Rua FISCAL PERDIGAO|726||CIDADE DOS FUNC|
|0150|C02011238358|GISELLE DE SOUSA SEVERIANO|01058||02011238358||2304400||Rua RUA MARCELO REIS|570||EDSON QUEIROZ|
|0150|C85480509349|GIZELLE MARTINS RIBEIRO|01058||85480509349||2304400||RUA 17|11||BARRA DO CEARA|
|0150|F05202611000136|GRANCOURO INDUSTRIA E COMERCIO LTDA|01058|05202611000136||0621884090027|3106200||AV PRESIDENTE TANCREDO NEVES|3445,|GALP|SAO JOSE|
|0150|C07199805000155|GRANDE MOINHO CEARENSE SA|01058|07199805000155||061022810|2304400||PRAçA AMIGOS DA MARINHA|6043||MUCURIPE|
|0150|F07044297000136|GRAVES E AGUDOS|01058|07044297000136||066998247|2304400||RUA CORONEL BELO|135||ALTO DA BALANCA|
|0150|C24064360397|HAROLDO AZEVEDO MENDES|01058||24064360397||2304400||AV AV DAS UBARANAS|1383,|AP 301 B4|PORTO DAS DUNAS|
|0150|C70030529700|HAROLDO FERREIRA RODRIGUES|01058||70030529700||2303709||Rua DA CONSOLAçãO|580||PABUSSU|
|0150|C12354213000109|HB TUR LOCADORA DE VEICULOS LTDA.|01058|12354213000109|||2304400||AV ABOLICAO|3200||MEIRELES|
|0150|C95704272304|HELANO LUIZ GOMES BARBOSA|01058||95704272304||2304400||Rua RUA BILL CARTAXO|461,|CS 4|SAPIRANGA|
|0150|C92853013391|HELDER SAMPAIO VASCONCELOS|01058||92853013391||2304400||AV AV. BEIRA MAR|2120||MEIRELES|
|0150|C46187375300|HELQUIA DE AMORIM FEITOSA MONTE|01058||46187375300||2304400||AV RUI BARBOSA|700,|AP 1902|MEIRELES|
|0150|C00694167371|HENRIQUE DOS SANTOS CANDIDO|01058||00694167371||2304400||Rua RUA MARTINS DE CARVALHO|2869||GRANJA PORTUGAL|
|0150|C60564353345|HERISSON LUCAS LIMA ALVES|01058||60564353345||2304400||AV MISTER HULL|2933,|AP 301|PRESIDENTE KENN|
|0150|C12585076415|HERMANO MONTEIRO TELES FILHO|01058||12585076415||2304400||AV RUI BARBOSA|584,|AP 302|MEIRELES|
|0150|C29688132349|HILARIO GOMES DA SILVA|01058||29688132349||2304400||Rua RUA PEDRO SAMPAIO|391||VILA VELHA|
|0150|C42683807368|HIRAN DOS SANTOS MONTEIRO FILHO|01058||42683807368||2304400||Rua GUILHERME MOREIRA||AP 1402|FATIMA|
|0150|C09848851372|IEDA GURJAO SANTOS|01058||09848851372||2304400||Rua LEONARDO MOTA|1001,|AP 1400|MEIRELES|
|0150|C62519298391|IGOR RIBEIRO PONTE|01058||62519298391||2304400||Rua EDUARDO SALGADO|,|AP 300|ALDEOTA|
|0150|F14218372349|ILMA GURGEL FERNANDES|01058||14218372349||2304400||RUA 31 CJ BEIRA RIO|1700||JARDIM GUANABARA|
|0150|C05453396342|ISABELLA DE CAMARGO|01058||05453396342||2304400||Rua ARTUR FAçANHA|66,|AP 604|MUCURIPE|
|0150|C03167060352|ISABELLA SARAIVA LEAO DE RESENDE|01058||03167060352||2304400||Rua LEONARDO MOTA|1515|AP 201 A|ALDEOTA|
|0150|C08604499000158|ITALO NERES DE CARVALHO ME|01058|08604499000158||063745291|2304954||R ANTONIO ACCIOLY|117||CENTRO|
|0150|C76740587191|IVANDSON LEMOS RAIZAMA|01058||76740587191||2304400||Rua PROFESSOR JACINTO BOTELHO|700,|AP 1|PATRIOLINO RIBE|
|0150|C77125169368|IVONE SOARES DA SILVA|01058||77125169368||2304103||Rua RUA DEMOCRITO ROCHA|109||VENANCIOS|
|0150|C25850474315|JADER SOARES DE LIMA|01058||25850474315||2305506||Rua RUA DR VICENTE B DA COSTA|408||SAO SEBASTIAO|
|0150|C60416853307|JENYFFER DE LIMA NASCIMENTO|01058||60416853307||2304400||Rua SãO RAIMUNDO|688||NOSSA SENHORA D|
|0150|F60416853307|JENYFFER DE LIMA NASCIMENTO|01058||60416853307||2304400||Rua SaO RAIMUNDO|688||NOSSA SENHORA DAS GRACAS|
|0150|C35408359700|JOAO ANTONIO DE MESQUITA|01058||35408359700||2304400||Rua MOREIRA DE SOUSA|275||Parquelandia|
|0150|C78977770300|JOAO CARLOS DA COSTA ASSUNCAO|01058||78977770300||2307650||Rua RUA SERRA GERAL|16||LUZARDO VIANA|
|0150|C54074061791|JOAO OLIVEIRA DA COSTA SOBRINHO|01058||54074061791||2304400||Rua RUA JOSE MENELEU|641,|B|ITAPERY|
|0150|C01322353310|JOAO VINICIUS MELO DUARTE|01058||01322353310||2304400||Rua TOMáS ACIOLI|320,|603 BLOCO 2|JOAQUIM TAVORA|
|0150|C06884870338|JOAO VITOR FALCAO BARBOSA|01058||06884870338||2301000||Rua RUA R POVOADO ARACAS|||PATACAS|
|0150|C48601683304|JOAQUIM MAGSON MENDES NOGUEIRA|01058||48601683304||2304400||Rua RUA JORGE FCO DA SILVA|485,|A|PLANALTO AYRTON|
|0150|C45754942320|JOHNDNER AMARAL SOARES|01058||45754942320||2304400||Rua GUSTAVO SAMPAIO|1412,|1802|Parquelândia|
|0150|C04668567337|JONAS WESLYS DA MOTA|01058||04668567337||2304400||Rua 1|243||QUINTINO CUNHA|
|0150|C38068583300|JORGE LUIZ DE OLIVEIRA|01058||38068583300||2304400||Rua RUA PIERRE LUZ|943||JARDIM GUANABAR|
|0150|C09070532700|JOSE BONIFACIO RODRIGUES|01058||09070532700||2310209||AV AV JOAO LOPES MEIRELES|1724||VILA SAO JOSE|
|0150|C13206877415|JOSE DAMIAO COSTA FILHO|01058||13206877415||2304400||Rua PADRE CHEVALIER|766,|AP 1202|JOAQUIM TAVORA|
|0150|C22218467372|JOSE EDNALDO LUCAS|01058||22218467372||2304400||Rua RUA PINTO MADEIRA|667,|AP 2002|CENTRO|
|0150|C05259126300|JOSE EDVALDO SIMOES|01058||05259126300||2301109||Rua DOM MANUEL|582||CENTRO|
|0150|C08985553453|JOSE FAUSTINO DE OLIVEIRA|01058||08985553453||2301000||Rua MESTRE EVANGELISTA|19||CENTRO|
|0150|C08196044372|JOSE GENTIL ALMEIDA NOGUEIRA|01058||08196044372||2304400||Rua TRêS DE MAIO|1181,|CASA|BELA VISTA|
|0150|C80813747368|JOSE GLAUSON OLIVEIRA COSTA|01058||80813747368||2304400||AV AV ENG AGRO JOSE G DUQUE|801|AP 302|CAMBEBA|
|0150|C05132340393|JOSE GLEICIANO DE AGUIAR SANTOS|01058||05132340393||2304400||RUA DES. HERMES PARAIBA|174||BARRA DO CEARA|
|0150|C05129001320|JOSE LIGUORI MUNIZ DEUSDARA|01058||05129001320||2304400||RUA CARLOS VASCONCELOS|308||ALDEOTA|
|0150|C31638685843|JOSE LINO DE MATOS|01058||31638685843||2310506||Rua RUA MARIA A. DE MESQUITA|488||SANTA MARIA|
|0150|C44731132304|JOSE MARDENISO MOREIRA DOS SANTOS|01058||44731132304||2304400||Rua MAJOR MONTENEGRO|105||VILA MANOEL SAT|
|0150|C08188580368|JOSE MARIA LEMOS TORRES|01058||08188580368||2304400||RUA FONSECA LOBO|1355,|AP 602 B|ALDEOTA|
|0150|C50160524334|JOSE MAURICIO DE MENEZES JUNIOR|01058||50160524334||2304400||Rua PROFESSOR JOãO BOSCO|428||RODOLFO TEOFILO|
|0150|C00210234334|JOSE NEWTON PADILHA BRANDAO|01058||00210234334||2304400||Rua MARIA TOMAZIA|181,|AP 802|ALDEOTA|
|0150|C00098485334|JOSE OTO SANTANA|01058||00098485334||2304400||Rua SENADOR MACHADO|100,|AP 802|MEIRELES|
|0150|C24473740382|JOSE RAIMUNDO RIBEIRO RODRIGUES FILHO|01058||24473740382||2304400||AV AV DA ABOLICAO|4043,|AP 903|MEIRELES|
|0150|C79599249372|JOSE RIROXY SILVA RIBEIRO|01058||79599249372||2304400||AV AV SARGENTO HERMINIO|1415,|1601-A|São Gerardo|
|0150|C16584597334|JOSE ROBERTO DE CARVALHO|01058||16584597334||2304400||Rua RUA CARDEAL ALBINO LUCCINNI|20||PASSARE|
|0150|C23018844300|JOSE SUDARIO SOBRINHO JUNIOR|01058||23018844300||2304400||RUA VICENTE DE CASTRO FILHO|14||LUCIANO CAVALCA|
|0150|C40125238720|JOSE TELMO ALVES BASTOS|01058||40125238720||2304400||Rua CAROLINA SUCUPIRA|400|AP 2102|ALDEOTA|
|0150|C03417832349|JOSE VALDENIR PEREIRA|01058||03417832349||2301000||Rua RUA G|234||DIVINEIA|
|0150|C62568353368|JOSE WILSON DA SILVA NETO|01058||62568353368||2304400||Rua RUA LINO CONDE|161||CAMBEBA|
|0150|C00399821309|JULIANA MARIA DE OLIVEIRA SOMBRA MARQUES|01058||00399821309||2304400||Rua MARTINHO RODRIGUES|372,|AP 303|FATIMA|
|0150|C07689090000119|JULIO CELIO VIEIRA SARAIVA|01058|07689090000119||062110144|2304400||R 7|359,|LOTEAMENTO ARVOREDO|MONDUBIM|
|0150|C04201112390|KALIL NOBREGA HISSA SAMPAIO|01058||04201112390||2304400||Rua JOSé RANGEL|181,|AP 2108 T2|PAPICU|
|0150|C96522321300|KATIA TARGINO BORGES|01058||96522321300||2304400||Rua RUA LOPES FILHO|1060||Parquelândia|
|0150|C64964671372|KATIANA LIMA DOS SANTOS|01058||64964671372||2304400||Rua RUA GOIANIA|1890||HENRIQUE JORGE|
|0150|F91013698000135|Keko Acessorios S.A.|01058|91013698000135||0480039658|4308201||Rua Adhautt Mantovani||sem numero|Linha 80|
|0150|C85361399353|KELMA MARIA DOS SANTOS P CAVALCANTE|01058||85361399353||2303709||Rua RUA CONSUL MELO|140||PARQUE POTIRA|
|0150|F30119515000176|KINHOMAR RIO IMPORTAÇÃO, COMÉRCIO E SERV|01058|30119515000176||78441500|3304557||ESTRADA DOS BANDEIRANTES|4721||JACAREPAGUA|
|0150|C04350071000175|KLC CONSTRUCOES ELETRICAS, INDUSTRIA E C|01058|04350071000175||063089157|2311801||R JOSE ALVES|2161||FLORES|
|0150|F60852274000130|KOSTAL ELETROMECANICA LTDA|01058|60852274000130||635127953112|3548708||Rua GENERAL BERTOLDO KLINGER|277||VILA PAULICEIA|
|0150|C16639804387|LANE MARIA DE SOUZA SANTOS|01058||16639804387||2304400||Rua DOUTOR JOSé FROTA|255,|2002|MUCURIPE|
|0150|C02077543906|LAZARO CRISTIANO BRANCO DA CUNHA|01058||02077543906||2304400||Rua R DR GILBERTO STUDART|2189,|AP 502|COCO|
|0150|C61544256353|LEDA MARIA SANTANA CRAVEIRO|01058||61544256353||2304400||VICENTE LINHARES|1551|AP 300|COCO|
|0150|C21092648372|LILIA FREIRE ARAUJO EVARISTO|01058||21092648372||2304400||Rua RUA AUGUSTO JAIME BENEVIDES|90||GUARARAPES|
|0150|C67092918391|LILIANE DE CARVALHO TORRES HOLANDA|01058||67092918391||2304400||Rua CORONEL LINHARES|1590,|AP 1002|ALDEOTA|
|0150|C43382754304|LINDALVA DIAS MATOS|01058||43382754304||2312403||Rua RUA FILOMENA MARTINS|1582||PARQUE VITORIA|
|0150|C34866329300|LINDOMBERCSE LOPES PINHEIRO|01058||34866329300||2308351||Rua JOSE ADEMIR PINHEIRO|286||CENTRO|
|0150|C03272662367|LIVIA RODRIGUES PEREIRA GILDO|01058||03272662367||2304400||Rua RUA MIRTIL MEYER|157,|AP 1004|MONDUBIM|
|0150|C04384475306|LUAN ALVES ROCHA|01058||04384475306||2304400||AV DESEMBARGADOR MOREIRA|2686||DIONISIO TORRES|
|0150|C06474970340|LUCAS BRAGA MARTINS|01058||06474970340||2304400||Rua RUA IRMA BAZET|1200||MONTESE|
|0150|C03731936372|LUCIANO ALVES RAMOS|01058||03731936372||2304400||Rua MINISTRO ANTONIO COELHO|269||JARDIM GUANABAR|
|0150|C24387800000175|LUIZ ALEXANDRE ALVES BESSA ME|01058|24387800000175||064949907|2302107||EST DT SEDE|,|ZONA RUARAL|SEDE|
|0150|C04272811304|LUIZ GONZAGA OLIVEIRA|01058||04272811304||2304400||Rua RUA JUNIOR ROCHA|18||LUCIANO CAVALCA|
|0150|C03962072357|LUIZ PAULO FREIRE MOREIRA|01058||03962072357||2304400||Rua 1155|137||CONJUNTO CEARA|
|0150|C16199111320|LUIZA DE MARILAC DE SOUZA HOLANDA|01058||16199111320||2304400||Rua SANTA ROSA|58,|A|MESSEJANA|
|0150|F10307063000149|MAC INDUSTRIA COMERCIO E SERVICOS EIRELI|01058|10307063000149||063682702|2307650||AVENI AV. PARQUE INDUSTRIAL|2900,|DISTR|DISTRITO INDUST|
|0150|C22068716372|MARCIA MARIA MORORO MONTEIRO MUNIZ|01058||22068716372||2304400||Rua RUA CARLOS VASCONCELOS|2520,|AP 302|ALDEOTA|
|0150|F22068716372|MARCIA MARIA MORORO MONTEIRO MUNIZ|01058||22068716372||2304400||Rua RUA CARLOS VASCONCELOS|2520|AP 302|ALDEOTA|
|0150|C54553920344|MARCIO MARTINS DE OLIVEIRA|01058||54553920344||2304400||AV WASHINGTON SOARES|1550||COCO|
|0150|F25421991830|MARCOS ALEXANDRE FARIAS DE AQUINO|01058||25421991830||2304285||Rua RUA 6|84|LOT MORADA CANARIOS|URUCUNEMA|
|0150|C07308663353|MARCOS LOPES FREIRE|01058||07308663353||2304400||Rua PRINCESA ISABEL|1618,|AP 201|FARIAS BRITO|
|0150|C21374457353|MARGARIDA MARIA EVARISTO LEMOS|01058||21374457353||2304400||Rua RUA JOAQUIM EMIDIO DE CASTRO|275||CIDADE DOS FUNC|
|0150|C72991151315|MARGARIDA MARIA VIEIRA BRASIL|01058||72991151315||2304400||Rua RUA ARMANDO OLIVEIRA|65||Parquelândia|
|0150|C07814614309|MARIA ANTONELA GOMES MARINHO ALMEIDA|01058||07814614309||2304400||Rua FRANCISCO COSTA|31||JANGURUSSU|
|0150|C97572675387|MARIA APARECIDA DA SILVA LIMA|01058||97572675387||2304400||Rua RUA CEL FABRICIANO|3808,|CASA|GRANJA LISBOA|
|0150|C22420649320|MARIA CLEIDE CORREIA PINHEIRO|01058||22420649320||2304400||Rua LAURO MAIA|661,|AP 403|JOSE BONIFACIO|
|0150|C43357652315|MARIA DAS DORES SILVEIRA ARAUJO|01058||43357652315||2304400||Rua RUA DR JUSTA ARAUJO|526||SERRINHA|
|0150|C22961356334|MARIA DAS GRACAS DE SOUSA SANTIAGO|01058||22961356334||2304400||Rua CAPITãO AMéRICO MENEZES|354||PARANGABA|
|0150|C23340630372|MARIA DAS GRACAS MAGALHAES|01058||23340630372||2304400||Rua JOSé ALVES CAVALCANTE|700,|CS 16A|CIDADE DOS FUNC|
|0150|C05956560304|MARIA DAS GRACAS SILVA ARAUJO|01058||05956560304||2304400||AV DA UNIVERSIDADE|1949,|AP 202|BENFICA|
|0150|F05956560304|MARIA DAS GRACAS SILVA ARAUJO|01058||05956560304||2304400||AV DA UNIVERSIDADE|1949|AP 202|BENFICA|
|0150|C23376589372|MARIA DAS GRACAS VALENTE|01058||23376589372||2304400||Rua RUA OSORIO DE PAIVA|1431||PARANGABA|
|0150|C36757098334|MARIA DOS SANTOS MAMEDE|01058||36757098334||2304400||Rua RUA CHICO FEITOSA DO COCOCI|21||LUCIANO CAVALCA|
|0150|C40420892320|MARIA EDILMA RODRIGUES DA SILVA|01058||40420892320||2304400||AV LUCIANO CARNEIRO|1437||VILA UNIAO|
|0150|C17287073315|MARIA EDNA MACHADO|01058||17287073315||2304400||Rua RICARDO CASTRO MACEDO|1952,|AP 203|AGUA FRIA|
|0150|C24550868368|MARIA EDNIR NUNES DE ALMEIDA|01058||24550868368||2304400||Rua AMéLIA BENEBIEN|333||PAPICU|
|0150|C41723384372|MARIA ELENA DA SILVA|01058||41723384372||2304400||Rua RUA SANTA FILOMENA|29||DOM LUSTOSA|
|0150|C42296935320|MARIA ELIENE CHAVES ALMEIDA CRISOSTOMO|01058||42296935320||2304400||AV VISCONDE DO RIO BRANCO|6087||AEROLANDIA|
|0150|C09833480306|MARIA ELIETE DE OLIVEIRA|01058||09833480306||2304400||AV ENGENHEIRO LEAL LIMA VERDE|2411,|CS|SAPIRANGA|
|0150|C38022605387|MARIA EUNICE BESSA CHAVES|01058||38022605387||2304400||Rua ARTUR FERREIRA|260||MONTESE|
|0150|C11291354387|MARIA EZEUDA MORENO BENIGNO|01058||11291354387||2304400||Rua RUI GURGEL|22||SAO JOAO DO TAU|
|0150|C23450398334|MARIA FRANCISCA DE SOUSA LIMA|01058||23450398334||2304400||Rua DOUTOR RATISBONA|171,|AP 212|FATIMA|
|0150|C27301354304|MARIA JOSELMA BULCAO AFONSO DA SILVA|01058||27301354304||2304400||Rua JOSE RANGEL|718||PAPICU|
|0150|F27301354304|MARIA JOSELMA BULCAO AFONSO DA SILVA|01058||27301354304||2304400||Rua JOSE RANGEL|718||PAPICU|
|0150|C10279237391|MARIA LUZANIRA PAIXAO DE MOURA|01058||10279237391||2304400||AV PONTES VIEIRA|1320|AP 103|SAO JOAO DO TAUAPE|
|0150|C11657685349|MARIA REJANE ABREU FERREIRA|01058||11657685349||2304400||Rua RUA JOAQUIM LINO Q B|605||MONTE CASTELO|
|0150|C36227161349|MARIA ROSANGELA CAVALCANTE|01058||36227161349||2304400||Rua A|300,|QUADRA 04|PREFEITO JOSE W|
|0150|C20436831368|MARIA SILVIA FREIRE BARBOSA MESQUITA|01058||20436831368||2304400||Rua RUA FREI MANSUETO|115|AP 301|MEIRELES|
|0150|C78485070330|MARIA TATIANA ALVES DA CRUZ|01058||78485070330||2312403||Rua RUA 11|86||Parque Liberdad|
|0150|C35374848879|MARILIA TAVARES MAGALHAES|01058||35374848879||2304400||Rua RUA JOAQUIM DE FIGUEIREDO FILHO|48||CAMBEBA|
|0150|C30084113634|MARLY RODRIGUES|01058||30084113634||2304400||Rua SILVA JATAHY|400||MEIRELES|
|0150|C00170134377|MARVIANNE DAMASCENO PARANHOS|01058||00170134377||2311306||Rua AV JUSCELINO KUBITSCHEK|710,|CASA|SAO FRANCISCO|
|0150|C39365034353|MARYLANE GOMES LEAO|01058||39365034353||2304400||Rua JULIO CESAR|883,|AP 102|JARDIM AMERICA|
|0150|F19335263000180|MASCARELLI COMERCIO DE ARTEFATOS DE COUR|01058|19335263000180||083000224|3205069||ROD PEDRO COLA|1667,|LOJA 01 GALPAO 02|PROVIDENCIA|
|0150|C44417560382|MAURICIO POMPEU CARIELLO|01058||44417560382||2304400||Rua RUA LEORNADO MOTA|620||MEIRELES|
|0150|C76062490325|MELIKA RODRIGUES DE MENESES GOMES|01058||76062490325||2304400||Rua RUA LEONEL TORQUATO DE LIMA|181||EDSON QUEIROZ|
|0150|C42438489391|MESSIAS BARBOSA|01058||42438489391||2304400||Rua JAMACARU|1516||JANGURUSSU|
|0150|F15363886000105|MF ABREU RIBEIRO EIRELI ME|01058|15363886000105||401110977117|3525300||ANTôNIO DE ALMEIDA PACHECO|455||2ª Zona Industr|
|0150|C01819739449|MILTON SERGIO ZANINI|01058||01819739449||2304400||Rua RUA CORONEL ALVES TEIXEIRA|1777|AP 301|DIONISIO TORRES|
|0150|C46141200320|MONICA CAMPOS CHAVES|01058||46141200320||2304400||AV AV LUCIANO CARNEIRO|635,|AP 2102|FATIMA|
|0150|C44054106315|MUNIK ALACOC FONTES ROCHA|01058||44054106315||2304400||Rua DOUTOR ADJEMIR PARAHYBA|90,|AP 501|LUCIANO CAVALCA|
|0150|C25899481315|NAIZA REIJANE MAIA|01058||25899481315||2313104||Rua RUA OLIMPIA MAIA|638||CENTRO|
|0150|C10461612372|NATALIA ADEODATO CARVALHO|01058||10461612372||2304400||Rua RUA MARCELINO|851||SAPIRANGA|
|0150|F25088142000183|NAVBRAS COMERCIO DE PECAS E ACESSORIOS L|01058|25088142000183||140983033110|3550308||RUA CORIOLANO|864,|CONJ 15|VILA ROMANA|
|0150|C41597303000544|NEW LAND VEICULOS LTDA|01058|41597303000544||061771414|2304400||AV. ABOLICAO|5301,|5301|MUCURIPE|
|0150|C41597303000625|NEWLAND VEICULOS LTDA|01058|41597303000625||063672731|2304400||Rua DES MANUEL SALES ANDRADE|133||GUARARAPES|
|0150|C41597303000706|NEWLAND VEICULOS LTDA|01058|41597303000706||063906031|2312908||AV SEM JOSE ERMIRIO DE MORAES|561||DOM JOSE RODRIG|
|0150|C14809659000289|NEWSEDAN COM. DE VEIC. LTDA|01058|14809659000289||064314685|2304400||AV SENADOR VIRGILIO TAVORA|1520||ALDEOTA|
|0150|C14809659000106|NEWSEDAN COMERCIO DE VEICULOS LTDA|01058|14809659000106||065862570|2304400||AV. ROGACIANO LEITE|323,|LOJA 2|GUARARAPES|
|0150|C06134685380|NILSON SALDANHA LIMA FILHO|01058||06134685380||2300754||AV AV GEL ALIMPIO DOS SANTOS|75||CENTRO|
|0150|C20337515387|NIRLEY COLACO FACO CAVALCANTE|01058||20337515387||2304400||Rua LAURO MAIA|291,|AP 405|JOSE BONIFACIO|
|0150|C24212598353|NOELIA MOREIRA DA ROCHA MEDEIROS|01058||24212598353||2304400||Rua PADRE CHEVALIER|766,|AP 602|DIONISIO TORRES|
|0150|C36752304572|NOEME DA SILVA SANTOS|01058||36752304572||2304400||AVENI BEIRA MAR|3870,|AP 501|MUCURIPE|
|0150|C08318220000170|NOVUM DISTRIBUIDORA DE PEÇAS IND E AUTO|01058|08318220000170||062013459|2304400||Rua JORNALISTA ANTôNIO PONTES TAVARES|1||JANGURUSSU|
|0150|F08318220000170|NOVUM DISTRIBUIDORA DE PEÇAS IND E AUTO|01058|08318220000170||062013459|2304400||Rua JORNALISTA ANTôNIO PONTES TAVARES|1||JANGURUSSU|
|0150|C09003975353|OLAVIO MARTINS RODRIGUES|01058||09003975353||2304400||Rua R JOAO LEONEL|1020||CIDADE DOS FUNC|
|0150|C49570668334|OLIVIA GOMES DE LIMA DINIZ|01058||49570668334||2304400||Rua I|155||MESSEJANA|
|0150|F03280060000101|ORBE DO BRASIL ACESS. AUTOM.LTDA.|01058|03280060000101||256244391|4201307||ROD BR 280|1881|B, PAVLH 7|PORTO GRANDE|
|0150|C78437431387|OSILENE FERREIRA CASTRO|01058||78437431387||2307601||Rua RUA JOAO MARIA DE FREITAS|844||JOAO XXIII|
|0150|C08841721391|OSWALDO STURDART - VN WS|01058||08841721391||2304400||AV WASHINGTON SOARES|1550||COCO|
|0150|C21388768372|PAULO ROGERIO RODRIGUES DA SILVA|01058||21388768372||2304400||Rua DOM SEBASTIãO LEME|378,|AP 401|FATIMA|
|0150|C20496117300|PEDRO EDIVAR PONTES|01058||20496117300||2304400||Rua AV HERACLITO GRACA|641||CENTRO|
|0150|C03624449354|PEDRO ROGERIO BATISTA MENDONCA DE ALENCA|01058||03624449354||2304400||Rua SOLON PINHEIRO|1143,|BL A|JOSE BONIFACIO|
|0150|F03624449354|PEDRO ROGERIO BATISTA MENDONCA DE ALENCA|01058||03624449354||2304400||Rua SOLON PINHEIRO|1143|BL A|JOSE BONIFACIO|
|0150|C05198450308|PHABLO HENRIK PINHEIRO DO CARMO|01058||05198450308||2304400||Rua RUA SERRO CORA|206||ANTONIO BEZERRA|
|0150|F05553531000125|PIONEER DO BRASIL LTDA|01058|05553531000125||062000497|1302603||AV TORQUATO TAPAJOS|4920||COLONIA SANTO A|
|0150|F05553531000206|PIONEER DO BRASIL LTDA|01058|05553531000206||116762796119|3550308||Rua TREZE DE MAIO|1633,|10 ANDAR CON 10|BELA VISTA|
|0150|C62361848368|PRISCILA NEVES MACHADO|01058||62361848368||2304400||R I PQ MONTENEGRO II|400,|A|PREFEITO JOSE W|
|0150|F62361848368|PRISCILA NEVES MACHADO|01058||62361848368||2304400||R I PQ MONTENEGRO II|400|A|PREFEITO JOSE WALTER|
|0150|C09617953000178|PROCRED PROMOTORA DE DADOS CADASTRAIS LT|01058|09617953000178|||2304400||R DOUTOR GILBERTO STUDART|55|SALA 208 EDIF DUETS OFFICE TOWERS TORRE NORTE|COCO|
|0150|C64620689300|RAFAEL LIMA DE VASCONCELOS|01058||64620689300||2304400||Rua DOUTOR AIRTON BEZERRA|755,|CASA 10|José de Alencar|
|0150|C20423268368|RAIMUNDA LUIZA ROCHA SILVA|01058||20423268368||2303709||Rua RUA PLACIDO MONTEIRA GONDIM|393,|AL|CENTRO|
|0150|F04395107320|RAIMUNDO JOSE LIMA MAIA|01058||04395107320||2304400||Rua CANUTO DE AGUIAR|950|AP 401|MEIRELES|
|0150|C70401209334|RAIMUNDO NONATO DE SOUSA|01058||70401209334||2304400||Rua RUA MARIA GOMES DE SA|874||MONDUBIM|
|0150|F44508310397|RAIMUNDO NONATO FREIRES|01058||44508310397||2305233||Rua RUA MARIA ALTINA DE JESUS|133||CENTRO|
|0150|C16744020315|RAIMUNDO NONATO RODRIGUES|01058||16744020315||2302602||Rua RUA 24 DE MAIO|333||CENTRO|
|0150|C88660850815|RAIMUNDO PEIXOTO MARQUES|01058||88660850815||2304400||Rua GENERAL TERTULIANO POTIGUARA|1104,||ALDEOTA|
|0150|C39186598368|RAIMUNDO RUVAMAN LINHARES FILHO|01058||39186598368||2304400||AV AV SANTOS DUMONT|5500,|AP 33 E|PAPICU|
|0150|C99952661304|RAQUEL CASTRO DE OLIVEIRA|01058||99952661304||2304400||Rua DA GLóRIA|4||CIDADE DOS FUNC|
|0150|C02095399331|RAQUEL CRAVEIRO ROCHA|01058||02095399331||2304400||AV BEIRA MAR|3870||MEIRELES|
|0150|C60005942322|RAQUEL SIMOES MONTEIRO ALVES|01058||60005942322||2304103||AV AV GERALDO MARQUES BARBOSA|822||VENANCIOS|
|0150|F25630302001901|REAL MOTO PEÇAS|01058|25630302001901||063702908|2304400||AVENI MISTER HULL|5182||ANTONIO BEZERRA|
|0150|F10447479000162|REALFORM COMERCIAL LTA - EPP|01058|10447479000162||420142115118|3527207||Rua BíBLIA|274||NOVA LORENA|
|0150|C04505573320|REGINA HELENA PEREIRA NOBRE DE REZENDE|01058||04505573320||2304400||Rua PERO COELHO|442,|AP 1303|CENTRO|
|0150|C89494229304|REGIRLENE MARINHO DA SILVA|01058||89494229304||2309706||Rua 74|757||CENTRO|
|0150|C83505954500|RENATA AMORIM DA CRUZ|01058||83505954500||2304400||Rua PEREIRA VALENTE|980,|AP 501|MEIRELES|
|0150|F10530738000114|REVEST CAR CAPOTARIA LTDA|01058|10530738000114|||2304400||R TEODORICO BARROSO|431||MONTESE|
|0150|C21029890382|RICARDO HENRIQUE ARRUDA DE PAULA|01058||21029890382||2304400||Rua ILDEFONSO ALBANO|2021,|AP 503|MEIRELES|
|0150|C10288155300|RICARDO LEITE RODRIGUES|01058||10288155300||2304400||Rua TIBúRCIO CAVALCANTE|411||MEIRELES|
|0150|C63457270325|RICARDO PARDI|01058||63457270325||2304400||Rua JOãO BRíGIDO|1485,|AP 1801 B|JOAQUIM TAVORA|
|0150|C04841409300|ROBERTO PEREIRA DE MENEZES|01058||04841409300||2304400||AV AV MISTER HULL|5240||ANTONIO BEZERRA|
|0150|C01336193387|ROBERTO PEREIRA DE MORAIS|01058||01336193387||2304400||Rua COELHO FONSECA|449||CARLITO PAMPLON|
|0150|C00749590343|RODRIGO VELOSO SOARES VIANA DE ABREU|01058||00749590343||2304400||Rua RUA DOM EXPEDITO LOPES|2371,|AP 100|DIONISIO TORRES|
|0150|F00749590343|RODRIGO VELOSO SOARES VIANA DE ABREU|01058||00749590343||2304400||Rua RUA DOM EXPEDITO LOPES|2371|AP 1001|DIONISIO TORRES|
|0150|C17683874272|ROGELIA ALEXANDRE DE MACEDO MOURA|01058||17683874272||2304400||Rua VIRGíLIO NOGUEIRA PAES|104||São Gerardo|
|0150|C11720166315|ROGERIO ANTUNES BARROSO|01058||11720166315||2304400||Rua MONSENHOR OTáVIO DE CASTRO|863,|AP|FATIMA|
|0150|C46885200344|ROGERIO MATIAS MENDES|01058||46885200344||2304400||AV AV BIBIO FROTA|562,|CASA|PARANGABA|
|0150|C42394350300|ROJANIA CLAUBIA DE BARROS LOPES|01058||42394350300||2304400||Rua RUA FRANCISCO XERES|100,|AP 102|PATRIOLINO RIBE|
|0150|C64782310382|ROMULO DANIEL PEREIRA|01058||64782310382||2304400||AVENI WASHINGTON SOARES|1550||COCO|
|0150|C72056657368|ROSANGELA VIEIRA FRASAO|01058||72056657368||2304400||Rua PADRE VALDEVINO|1880,|AP 501|ALDEOTA|
|0150|C46089322334|SABINO GOMES APOLONIO FILHO|01058||46089322334||2304400||Rua FIUZA DE PONTES|191||CENTRO|
|0150|C05083716356|SAMARA DE OLIVEIRA MENDONCA SILVA|01058||05083716356||2304400||RUA CELENE|261||CRISTO REDENTOR|
|0150|C91984777300|SAMYO PRACIANO RODRIGUES|01058||91984777300||2304400||Rua DOM JOAQUIM DE MELO|1577||RODOLFO TEOFILO|
|0150|C05719390316|SAULUS STEFANO RODRIGUES MARTINS|01058||05719390316||2304400||Rua RAMOS BOTELHO|99|AP 204|PAPICU|
|0150|C07462875000154|SEDAN COM. IMP. VEICULOS LTDA|01058|07462875000154||061825522|2304400||AV. ROGACIANO LEITE|323,|LOJA 1|GUARARAPES|
|0150|C46924434304|SERGIO RICARDO DE AGUIAR CAJAZEIRAS|01058||46924434304||2304400||Rua 14|10||BARRA DO CEARA|
|0150|F46924434304|SERGIO RICARDO DE AGUIAR CAJAZEIRAS|01058||46924434304||2304400||Rua 14|10||BARRA DO CEARA|
|0150|C09051660359|SERGIO SABOYA PINHEIRO DE SOUZA|01058||09051660359||2304400||Rua VISCONDE DE MAUá|2555,|A|DIONISIO TORRES|
|0150|F15332149000145|SHOCKLIGHT COMERCIO, IMPORTACAO E EXPORT|01058|15332149000145||636180333119|3548807||AV GUIDO ALIBERTI|3635||CENTRO|
|0150|C10369501829|SILMARA MONTEIRO PAES SUCUPIRA|01058||10369501829||2304400||Rua DOUTOR JOSé LOURENçO|2879,|AP 601|JOAQUIM TAVORA|
|0150|F10369501829|SILMARA MONTEIRO PAES SUCUPIRA|01058||10369501829||2304400||Rua DOUTOR JOSe LOURENcO|2879|AP 601|JOAQUIM TAVORA|
|0150|C22192913320|SILVANIA SOUSA DE OLIVEIRA|01058||22192913320||2304400||Rua RUA CARLOS VASCONCELOS|2427,|AP 202|JOAQUIM TAVORA|
|0150|C31301550310|SILVIA ANGELIM DE CARVALHO|01058||31301550310||2304400||Rua 41|1333,|CONJ COHABECE|JARDIM GUANABAR|
|0150|C35945125334|SILVIA VALERIA DE ANDRADE CARVALHO SAMPA|01058||35945125334||2304400||Rua RUA BENTO ALBUQUERQUE|485,|AP 1001|COCO|
|0150|F07342785000120|SODINE SOC. DIST.DO NE LTDA - MATRIZ|01058|07342785000120||061011789|2304400||1ª AV AV: BORGES DE MELO|1287||FATIMA|
|0150|C20955430330|SOLANGE GOMES DE ABREU MOURA|01058||20955430330||2304400||Rua RUA FIS ASSIS SARAIVA|1050,|CS 03|CASTELAO|
|0150|C05531239000101|SOLUCAO SERVICOS COM E C LTDA|01058|05531239000101|||2304285||Rua R PIONEIRO|134||CENTRO|
|0150|C18008859000102|SOUSA E SINDEAUX SAUDE S/S LTDA|01058|18008859000102|||2303709||AV C|215,|BLOCO 39 APTO 22 A|PARQUE DAS NACO|
|0150|C05234761000121|SSX DISTRIBUIDORA DE SACARIAS NOVIN LTDA|01058|05234761000121||62006347|2304400||AV A|340,|CJ SITIO SAO JOAO|JANGURUSSU|
|0150|C13163388000193|START SERVICOS EIRELI|01058|13163388000193||065025490|2304400||Rua QUINZE DE NOVEMBRO|1318,|SALA 15|CENTRO|
|0150|C41607325349|SUELI MENEZES DE CARVALHO|01058||41607325349||2301000||Rua RUA ALBATROZ|21|AP 516|PORTO DAS DUNAS|
|0150|C26095440300|SUELY BATISTA BUSON RAMOS|01058||26095440300||2304400||Rua MOACIR ALENCAR ARARIPE|220||LUCIANO CAVALCA|
|0150|C03600780360|TALES PEDROSA DANTAS|01058||03600780360||2304400||Rua PAPI JúNIOR|1682||RODOLFO TEOFILO|
|0150|C03877452388|TALITA MARIA PAIVA DO NASCIMENTO|01058||03877452388||2304400||Rua PAULO FRONTIN|26||DEMOCRITO ROCHA|
|0150|C02635378380|TARCISIO MELO RODRIGUES FILHO|01058||02635378380||2304400||AV AV DR SILAS MUNGUBA|6380,|AP 303|PASSARE|
|0150|C04613278309|TATIANA ALMEIDA CHAGAS LOURENCO|01058||04613278309||2304400||Rua RUA CAP JUSTINO FERREIRA|223||Curió|
|0150|F07272825000295|TECNO INDUSTRIA E COMERCIO DE COMPUTADOR|01058|07272825000295||061913057|2304400||RUI BARBOSA|2456||JOAQUIM TAVORA|
|0150|F27998908000192|Tectronics Sistemas Eletronicos Ltda|01058|27998908000192||9075315543|4119152||R Wanda dos Santos Mallmann|1515||Estância Pinhai|
|0150|C11750022320|TERESINHA DE OLIVEIRA|01058||11750022320||2304400||Rua IRINEU DE SOUSA|172||ALVARO WEYNE|
|0150|C22111506320|TEREZINHA DE JESUS TORRES M FONTENELE|01058||22111506320||2304400||Rua RUA GRIJALVA COSTA|41,|BL A AP 203|JARDIM AMERICA|
|0150|F22111506320|TEREZINHA DE JESUS TORRES M FONTENELE|01058||22111506320||2304400||Rua RUA GRIJALVA COSTA|41|BL A AP 203|JARDIM AMERICA|
|0150|C01109459300|TIAGO DE ALENCAR VIEIRA|01058||01109459300||2304400||Rua MARIA TOMáSIA|181,|AP 802|ALDEOTA|
|0150|C89335910449|TIBERIO ROMULO ROMAO BERNARDO|01058||89335910449||2304400||Rua RUA PROF SOLON FARIAS|50,|CASA 02 -|EDSON QUEIROZ|
|0150|C23726621000152|TO NA AREA INDUSTRIA E COMERCIO DE CONFE|01058|23726621000152||064798801|2304400||R ENGENHEIRO PLACIDO COELHO JUNIOR|180,||VICENTE PINZON|
|0150|C01537271000143|TOYOLEX VEICULOS LTDA|01058|01537271000143||22952888|2611606||AV MARECHAL MASCARENHAS DE MORAIS|4555||IMBIRIBEIRA|
|0150|F09531774000113|TRAGIAL IND. E COM. DE PEÇAS LTDA|01058|09531774000113||209410142113|3506003||Rua RUA REINALDO RUBENS ROSA|12||DISTRITO INDUST|
|0150|C29388031000143|TSP REPRESENTACOES E SERVICOS LTDA|01058|29388031000143|||2304285||R CALIXTO MACHADO|21,|SALA K-18|PIRES FACANHA|
|0150|C07739107000103|VACUO TECNICA INDUSTRIA, COMERCIO, IMPOR|01058|07739107000103||061891720|2303709||R GENERAL MOURAO FILHO|902||Capuan|
|0150|C60008126399|VALDENIO LUIZ LINS DA SILVA JUNIOR|01058||60008126399||2304400||Rua REVERENDO OSMAR LIMA|979,|A|CANINDEZINHO|
|0150|C08157987334|VALDER RODRIGUES DE MENEZES|01058||08157987334||2304400||Rua RUA CAP JUSTINO FERREIRA RAMOS|485,||Curió|
|0150|C04372870337|VANELLE PEREIRA PEIXOTO|01058||04372870337||2304400||Rua CAROLINA SUCUPIRA|150,|AP 801|ALDEOTA|
|0150|C14244519300|VANIA BENEVIDES ROCHA|01058||14244519300||2304400||Rua RUA BENTO ALBUQUERQUE|1500,|AP 102|COCO|
|0150|C32031970000140|VERIDIANE ALVES DE BRITO RODRIGUES 60446|01058|32031970000140||067885276|2304400||TV MARIA CARVALHO GOIS|60||VICENTE PINZON|
|0150|C38399954349|VERONICA FREIRE LANDIM|01058||38399954349||2304400||Rua RUA VILEBALDO AGUIAR|1521,|AP 101|COCO|
|0150|C36048208391|VERONICA SOUSA VIANA|01058||36048208391||2304400||Rua RUA ZULEICA PONTES|1137||MONDUBIM|
|0150|C76316017391|VLADIMIR FERREIRA NOGUEIRA|01058||76316017391||2304400||Rua RUA FIRMINO ROCHA AGUIAR|650|AP 801|GUARARAPES|
|0150|C16481682304|VOBERTO DA SILVA SANTOS|01058||16481682304||2304400||AV N|340||VILA VELHA|
|0150|C78605571420|WAGNER PESSOA BATISTA|01058||78605571420||2304400||Rua DOUTOR PAULO DE MELLO MACHADO|291|CASA 35|JARDIM CEARENSE|
|0150|C72566367000188|WLADIA CACAU COMERCIO E SERVICOS LTDA|01058|72566367000188||065325745|2304400||R VITORIA|926||HENRIQUE JORGE|
|0150|C01561421391|YARA MOREIRA PEREIRA|01058||01561421391||2304400||Rua DOUTOR JOSe LOURENcO|2510|AP 202|JOAQUIM TAVORA|
|0150|C23251808320|ZELIA MARIA DE ALMEIDA|01058||23251808320||2304400||AV AV DEPUTADO PAULINO ROCHA|10||CAJAZEIRAS|
|0190|UN|UNIDADE|
|0190|KIT|KIT.|
|0190|PC|PECA|
|0190|MT|METRO|
|0190|PAR|PAR.|
|0190|LT|LITRO|
|0190|RM|RESMA|
|0200|7891173022868|Papel A4 Chamex Multi c/ 500fls|7891173022868||RM|00|48114990||48||0|2803700|
|0200|006360|ABRAÇADEIRA 20CM PCT (100)|7895479003576||UN|99|39269090||39||0|1002000|
|0200|009702|FIO 2 X 1,5 D&G|||MT|07|85444200||85||0|1200700|
|0200|013257|FITA DUPLA FACE 3M RL 12MMX20M|||UN|07|59061000||59||0|0109000|
|0200|013261|FITA CREPE 18mm x 50mm (ADERE) D&G|7896193242760||UN|07|48114110||48||0|2803700|
|0200|013291|FRISO LATERAL ETIOS BRANCO POLAR - FLASH|||UN|00|39263000||39||0|0100500|
|0200|013454|BOTA VAQ BIC P S/CAP|||UN|07|84733099||84||0|2103500|
|0200|014098|RECEPTOR DE TV DIGITAL FULL SEG - FT-TV-HD - FAAFTECH|2200000019745||UN|00|85287119||85||0|2106900|
|0200|015275|MONITOR ACOPLAVEL COM DVD X7D - BEGE - ORBE|7898512514589||UN|00|85285920||85||0|2106500|
|0200|016168|FRISO LATERAL COROLLA BRANCO PEROLA - FLASH|6223537952916||UN|00|39263000||39||0|0100500|
|0200|016179|MONITOR ACOPLAVEL COM DVD - PRETO - ORBE|||UN|00|85285920||85||0|2106500|
|0200|017235|FRISO LATERAL ETIOS BRANCO PEROLA - FLASH|6223537953050||PAR|00|39263000||39||0|0100500|
|0200|017346|TRAVESSA BELLUNO XL - KIUSSI|||UN|00|76169900||76||0|1007300|
|0200|017422|ENGATE COROLLA ALTIS / XEI 15-18 - ENGETRAN ( HZN2170|||UN|00|87089990||87||0|0107600|
|0200|017749|SENSOR FRONTAL B061F OEM - ORBE|||UN|00|85437099||85||0|0900500|
|0200|017968|TAPETE CARPETE PRETO JEEP RENEGADE - FLASH|6223537951681||UN|00|57050000||57||0|0100900|
|0200|018052|ESPELHAMENTO FT-SMART-MIRROR FAAFTECH|0220000008053||UN|00|85176241||85||0|2108100|
|0200|018769|ALARME AUTOMOTIVO K150 - KOSTAL|7894708021930||UN|00|85123000||85||0|0110000|
|0200|019031|CHAVE CANIVETE 2 TECLAS COM LAMINA - KOSTAL|7894708021237||UN|00|85269200||85||0|2804300|
|0200|019040|ENGATE FOX 15/16 - ENGETRAN ( HZN210063 )|7899734902291||UN|00|87089990||87||0|0107600|
|0200|019077|FRISO LATERAL GOL G5/G6 VERMELHO - FLASH|||UN|00|39263000||39||0|0100500|
|0200|019409|FRISO LATERAL COROLLA BRANCO PEROLA BAIX REL - FLASH|6223537954668||UN|00|39263000||39||0|0100500|
|0200|019424|KIT VIDRO SE TO HILUX 2016> 2P - TRAGIAL|||UN|00|87082999||87||0|0109100|
|0200|019440|FRISO LATERAL ETIOS PRETO BAIXO RELEVO - FLASH|||UN|00|39263000||39||0|0100500|
|0200|019444|FRISO LATERAL COROLLA VERMELHO BAIXO RELEVO - FLASH|6223537954880||UN|00|39263000||39||0|0100500|
|0200|019449|FRISO LATERAL COROLLA PRETO BAIXO RELEV - FLASH|6223537954644||UN|00|39263000||39||0|0100500|
|0200|019462|FT-VF-UC2 - FAAFTECH|2200000015112||UN|00|85423120||85||0|2804300|
|0200|019676|CAPOTA MARITIMA SAVEIRO CAB EST G7|||UN|00|87082999||87||0|0109100|
|0200|019702|FT-LVDS-MB2 - FAAFTECH|2200000015440||UN|00|85423120||85||0|0199900|
|0200|019766|CENTRAL MULTIMÍDIA AVIC-F980TV - PIONEER|7898588670356||UN|00|85287200||85||0|2804300|
|0200|019856|CAPOTA MARITIMA SAVEIRO CABINE SIMPLES - FLASH COVER|||UN|00|87082999||87||0|0109100|
|0200|019966|FRISO UNIVERSAL CROMADO SLIM - FLASH|||UN|00|39263000||39||0|0100500|
|0200|020124|PRODUTOS DIVERSOS SODINE- D&G|||UN|07|||99||0|0199900|
|0200|020129|ENGATE REMOVIVEL SW4 2016 - REESE|||UN|00|87089990||87||0|0107600|
|0200|020138|ESPELHAMENTO CONNECT - NAVBRAS|||UN|00|85176277||85||0|2804300|
|0200|020150|GASOLINA COMUM|||LT|07|27101259||27||0||
|0200|020153|DIESEL COMUM|||LT|07|27101259||27||0||
|0200|020161|PRODUTOS MATERIAL DE USO E CONSUMO - D&G|||UN|07|90303329||90||0||
|0200|020165|ENGATE REMOVIVEL HILUX 2017 - REESE|||UN|00|87089990||87||0|0107500|
|0200|020197|FRISO PARACHOQ DIANT COMPASS  CR BAIX - 9060|||UN|00|87082999||87||0|0109100|
|0200|020198|APLIQ MILHA COMPASS CR FILETE - 9081|||UN|00|87082999||87||0|0109100|
|0200|020201|FRISO PARACHOQ DIANT COMPASS CR CIMA - 9082|||UN|00|87082999||87||0|0109100|
|0200|020202|FRISO LAT CR COMPASS MOD ORIG - 9083|||UN|00|87082999||87||0|0109100|
|0200|020205|PESTANA LAT COMPASS INOX - 9084|||UN|00|87082999||87||0|0109100|
|0200|020206|APLIQ MAÇANETA COMPASS 4P CR MOD ORIG - 9085|||UN|00|87082999||87||0|0109100|
|0200|020210|CAPA RETROV S/PISCA  COMPASS CR - 9086|||UN|00|87082999||87||0|0109100|
|0200|020213|APOIO PARACHOQ TRAS COMPASS EXT PRE/CR - 9088|||UN|00|87082999||87||0|0109100|
|0200|020216|APLIQ MALA COMPASS CR RETO - 9141|||UN|00|87082999||87||0|0109100|
|0200|020223|CAMERA DE RE - ORBE|||UN|00|85258029||85||0|2106300|
|0200|020237|CENTRAL MULTIMIDIA TOYOTA COROLLA ANDROID 8" - KRONOS|||UN|00|85287200||85||0|2804300|
|0200|020244|ENGATE REBOQUE K1 HILUX - KEKO 2016|||UN|00|87169090||87||0|0107700|
|0200|020250|MODULO VIDRO/REBATIM/TILT DOWN COROLLA XEI FCT VRD TY|||UN|00|85437099||85||0|0900500|
|0200|020258|MODULO DE VIDRO ANTIESMAGAMENTO TOYOTA ETIOS SAFE TY-|||UN|00|85437099||85||0|0900500|
|0200|020262|ACIONAMENTO COMANDO DE VOZ DOS FAROIS VOX10 - FLEXITR|||UN|00|85437099||85||0|0900500|
|0200|020331|MODULO DE VIDRO HILUX SAFE TY-HL 4.2 - FLEXITRON|||UN|00|85437099||85||0|0900500|
|0200|020411|MODULO DE VIDRO COROLLA GLI SAFE TY-CR 4.2 - FLEXITRO|||UN|00|85437099||85||0|0900500|
|0200|020447|KIT 2 VIAS TS-C170BR - PIONEER|||PC|00|85182990||85||0|0105700|
|0200|020450|DVD PLAYER AVH-A208BT - PIONEER|7898588670905||UN|00|85272100||85||0|0106100|
|0200|020495|APLIQUE MACANETA COMPASS C/FUROS 4P - 10009|||KIT|00|87082999||87||0|0109100|
|0200|020538|MATERIAL ESCRITORIO D&G|||UN|07|48025610||48||0|1903000|
|0200|020563|ENGATE POLO HIGH/CONFOR/MSI 1.0/1.6 ENGETRAN ( HZN210|7899545036369||UN|00|87089990||87||0|0107600|
|0200|020613|TRAVA ELETRICA HILUX 2P - TRAGIAL|||UN|00|87082999||87||0|0199900|
|0200|020625|REVESTIM. DE COURO VW GOLF HIGHLINE 40/60 - C04/V04|||KIT|00|87082999||87||0|0109100|
|0200|020627|REVESTIM. DE COURO VW POLO/VIRTUS INTEIRO PADRAO ORIG|||KIT|00|87082999||87||0|0107500|
|0200|020658|CAMERA DE RE BALL - ORBE|||UN|00|85258029||85||0|2106300|
|0200|020663|FRISO LATERAL SLIM VIRTUS BRANCO CRISTAL - FLASH|||KIT|00|39263000||39||0|0100500|
|0200|020734|FRISO LATERAL SLIM VIRTUS PRATA SIRIUS - FLASH|||UN|00|39263000||39||0|0100500|
|0200|020735|FRISO LATERAL SLIM VIRTUS PRATA TUNGSTENIO - FLASH|||UN|00|39263000||39||0|0100500|
|0200|020756|FAROL DE MILHA VW SAVEIRO G7 - SHOCKLIGHT|||UN|00|85122021||85||0|0105500|
|0200|020762|INTERFACE DE CAMERA FRONTAL OB-FRONT - ORBE|||UN|00|85258029||85||0|2106300|
|0200|020780|CAPOTA MARITIMA SAVEIRO CD|||UN|00|87082999||87||0|0109100|
|0200|020782|ALARME AUTOMOTIVO KAPT-FREE - KOSTAL|||UN|00|85123000||85||0|0110100|
|0200|020807|FRISO LATERAL POLO VERMELHO TORNADO - FLASH|||UN|00|39263000||39||0|0100500|
|0200|020808|RETROVISOR ELETRICO SW VW SAVEIRO - PAKRVSW109 - TRAG|||UN|00|87082999||87||0|0109100|
|0200|020821|REVESTIM. COURO TOYOTA YARIS PADRÃO ORIG BIP/ABP/F -|||UN|00|87082999||87||0|0109100|
|0200|020841|LAMPADA HALOGENA H11|||UN|07|85392110||85||0||
|0200|020843|ENGATE TOYOTA YARIS HTC - ENGETRAN|||UN|00|87089990||87||0|0107600|
|0200|020845|FRISO LATERAL SLIM TOYOTA YARIS BRANCO PEROLA - FLASH|||UN|00|39263000||39||0|0100500|
|0200|020847|FRISO LATERAL SLIM TOYOTA YARIS PRATA LUA NOVA - FLAS|||UN|00|39263000||39||0|0100500|
|0200|020849|FRISO LATERAL SLIM TOYOTA YARIS PRATA PREMIUM - FLASH|||UN|00|39263000||39||0|0100500|
|0200|020850|FRISO LATERAL SLIM TOYOTA YARIS CINZA COSMOPOLITA - F|||UN|00|39263000||39||0|0100500|
|0200|020852|FRISO LATERAL SLIM TOYOTA YARIS PRETO - FLASH|||UN|00|39263000||39||0|0100500|
|0200|020864|CONJUNTO ACESSORIOS ENGATE - ENGETRAN|7899545018440||UN|00|87089990||87||0|0107600|
|0200|020891|FT-VF-UC3 - FAAFTECH|||UN|00|85423120||85||0|2804300|
|0200|020894|FRISO LATERAL SLIM TOYOTA YARIS VERMELHO SUPER - FLAS|||UN|00|39263000||39||0|0100500|
|0200|020944|CAPOTA MARITIMA AMAROK EXTREME - KEKO|||UN|00|87082999||87||0|0109100|
|0200|020946|DVD PLAYER AVH-Z9180TV - PIONEER|||UN|00|85287200||85||0|2804300|
|0200|021077|MOLDURA 2 DIN JEEP RENEGADE - FIAMON|||UN|00|87082999||87||0|0109100|
|0200|021079|MOLDURA 2 DIN TOYOTA COROLLA - FIAMON|||UN|00|87082999||87||0|0109100|
|0200|021113|PROCESSADOR UNIVERSAL PIONEER|||UN|00|85437099||85||0|0900500|
|0200|021121|KIT REVESTIMENTO YARIS BIP/S.APB/FURADO - V04|||UN|00|94019090||94||0|0108500|
|0200|021126|SENSOR PRESENÇA KAPT UL - KOSTAL|||UN|00|85123000||85||0|0110100|
|0200|021131|KIT REVESTIMENTO YARIS INTEIRO - V04|||UN|00|87082919||87||0|0107600|
|0200|021133|KIT REVESTIMENTO YARIS BIP/S.APB/FURADO - 30/70|||UN|00|87082919||87||0|0107600|
|0200|021233|REVESTIM. DE COURO VW POLO/VIRTUS INTEIRO - COR PRETO|||KIT|00|87082999||87||0|0109100|
|0200|021238|AUTO RADIO C/ REPRODUTOR MIDIA E BT SPH-C10BT - PIONE|||UN|00|85272100||85||0|0106100|
|0200|021239|CAMERA 360 FT-BIRDVIEW - FAAFTECH|||UN|00|85437099||85||0|0900500|
|0200|021241|BANDEJA PORTA MALAS VW GOL - E6394|||UN|00|39269090||39||0|1002000|
|0200|021242|BANDEJA DE PORTA MALAS VW VOYAGE - E6395|||UN|00|39269090||39||0|1002000|
|0200|021243|BANDEJA DE PORTA MALAS VW JETTA - E6396|||UN|00|39269090||39||0|1002000|
|0200|021245|BANDEJA DE PORTA MALAS VW TIGUAN - E6397|||UN|00|39269090||39||0|1002000|
|0200|021247|BANDEJA DE PORTA MALAS VW POLO - E6398|||UN|00|39269090||39||0|1002000|
|0200|021248|BANDEJA DE PORTA MALAS VIRTUS - E6498|||UN|00|39269090||39||0|1002000|
|0200|021249|AUTO RADIO COM CD PLAYER DEH-X10BR - PIONEER|||UN|00|85272100||85||0|0106100|
|0200|021250|DVD PLAYER AVH-A4180TV - PIONEER|||UN|00|85287200||85||0|2804300|
|0200|021251|TELA 10" C/DVD ANDROID - ORBE|||UN|00|85285920||85||0|2106500|
|0200|021252|ALTO-FALANTE QUADRIAXIAL 6X9 - TS-6990BR|||UN|00|85182990||85||0||
|0200|021254|SUBWOOFER 8" 600W - TS-SW2002D2|||UN|00|85437099||85||0|0900500|
|0200|021255|AMPLIFICADOR AUTOMOTIVO - GM3500T - PIONEER|||UN|00|85184000||85||0||
|0200|021256|REVESTIM. DE COURO VW POLO/VIRTUS BIP/SEMI PERF. PRET|||KIT|00|87082919||87||0|0107600|
|0200|021257|CONTROLE CHAVE CANIVETE|||UN|00|85437099||85||0|0900500|
|0200|021258|BOTA NOBUCK SALTO BIDENSIDADE  CA13808-41 - 50B26V-BP|||UN|07|64034000||64||0||
|0200|021260|DRL MILHA LED TOYOTA COROLLA|||UN|00|85122029||85||0|0105500|
|0200|021266|VIDRO ELET AE HILUX 05/15 2,4P DT ALT|||UN|00|87089990||87||0|0107600|
|0200|021273|FAROL DE MILHA TOYOTA COROLLA 2018|||KIT|00|85122011||85||0|0105500|
|0400|0000000001|COMPRAS DE MERCADORIA (NFE)|
|0400|0000000002|COMPRAS DE MERCADORIA (NFE_bkp)|
|0400|0000000003|COMPRAS DE MERCADORIA (NFE_bkp)  ÑGE|
|0400|0000000004|ENTRADA DE BONIFICACAO (NFE)|
|0400|0000000005|RETORNO DE MERCADORIA CONSERTO (NFE)|
|0450|1|ESPECIE: NFE SERIE/SUB SERIE: 4 DATA DE EMISSAO: 20/11/2018 COMENTARIOS: ------------------------------------------------------------------------ DATA: 04/12/2018 - HORA: 11:06 - USUARIO: MARCOSJR --> COMENTARIO NO PROCESSO DE DEVOLUCAO / TROCA DEVOLUCAO|
|0450|2|ESPECIE: NFE SERIE/SUB SERIE: 4 DATA DE EMISSAO: 20/11/2018 COMENTARIOS: ------------------------------------------------------------------------ DATA: 30/11/2018 - HORA: 18:49 - USUARIO: MARCOSJR --> COMENTARIO NO PROCESSO DE DEVOLUCAO / TROCA DEVOLUCAO|
|0450|3|ESPECIE: NFE SERIE/SUB SERIE: 4 DATA DE EMISSAO: 08/11/2018 COMENTARIOS: ------------------------------------------------------------------------ DATA: 07/12/2018 - HORA: 12:35 - USUARIO: MARCOSJR --> COMENTARIO NO PROCESSO DE DEVOLUCAO / TROCA DEVOLUCAO|
|0450|4|ESPECIE: NFE SERIE/SUB SERIE: 4 DATA DE EMISSAO: 30/11/2018 COMENTARIOS: ------------------------------------------------------------------------ DATA: 10/12/2018 - HORA: 16:24 - USUARIO: MARCOSJR --> COMENTARIO NO PROCESSO DE DEVOLUCAO / TROCA DEVOLUCAO|
|0450|5|ESPECIE: NFE SERIE/SUB SERIE: 4 DATA DE EMISSAO: 22/11/2018 COMENTARIOS: ------------------------------------------------------------------------ DATA: 12/12/2018 - HORA: 13:20 - USUARIO: MARCOSJR --> COMENTARIO NO PROCESSO DE DEVOLUCAO / TROCA DEVOLUCAO|
|0450|6|ESPECIE: NFE SERIE/SUB SERIE: 4 DATA DE EMISSAO: 22/11/2018 COMENTARIOS: ------------------------------------------------------------------------ DATA: 12/12/2018 - HORA: 13:18 - USUARIO: MARCOSJR --> COMENTARIO NO PROCESSO DE DEVOLUCAO / TROCA TOTAL. VAL|
|0450|7|ESPECIE: NFE SERIE/SUB SERIE: 4 DATA DE EMISSAO: 30/11/2018 COMENTARIOS: ------------------------------------------------------------------------ DATA: 12/12/2018 - HORA: 13:28 - USUARIO: MARCOSJR --> COMENTARIO NO PROCESSO DE DEVOLUCAO / TROCA DEVOLUCAO|
|0450|8|ESPECIE: NFE SERIE/SUB SERIE: 4 DATA DE EMISSAO: 11/12/2018 COMENTARIOS: ------------------------------------------------------------------------ DATA: 13/12/2018 - HORA: 09:09 - USUARIO: MARCOSJR --> COMENTARIO NO PROCESSO DE DEVOLUCAO / TROCA DEVOLUCAO|
|0450|9|ESPECIE: NFE SERIE/SUB SERIE: 4 DATA DE EMISSAO: 04/12/2018 COMENTARIOS: ------------------------------------------------------------------------ DATA: 13/12/2018 - HORA: 14:13 - USUARIO: MARCOSJR --> COMENTARIO NO PROCESSO DE DEVOLUCAO / TROCA DEVOLUCAO|
|0450|10|ESPECIE: NFE SERIE/SUB SERIE: 4 DATA DE EMISSAO: 05/12/2018 COMENTARIOS: ------------------------------------------------------------------------ DATA: 13/12/2018 - HORA: 16:30 - USUARIO: MARCOSJR --> COMENTARIO NO PROCESSO DE DEVOLUCAO / TROCA DEVOLUCAO|
|0450|11|ESPECIE: NFE SERIE/SUB SERIE: 4 DATA DE EMISSAO: 21/09/2018 COMENTARIOS: ------------------------------------------------------------------------ DATA: 14/12/2018 - HORA: 11:41 - USUARIO: SUPERVISOR --> COMENTARIO NO PROCESSO DE DEVOLUCAO / TROCA TOTAL --|
|0450|12|ESPECIE: NFE SERIE/SUB SERIE: 4 DATA DE EMISSAO: 14/11/2018 COMENTARIOS: ------------------------------------------------------------------------ DATA: 14/12/2018 - HORA: 11:52 - USUARIO: MARCOSJR --> COMENTARIO NO PROCESSO DE DEVOLUCAO / TROCA DEVOLUCAO|
|0450|13|ESPECIE: NFE SERIE/SUB SERIE: 4 DATA DE EMISSAO: 30/11/2018 COMENTARIOS: ------------------------------------------------------------------------ DATA: 14/12/2018 - HORA: 12:01 - USUARIO: MARCOSJR --> COMENTARIO NO PROCESSO DE DEVOLUCAO / TROCA DEVOLUCAO|
|0450|14|ESPECIE: NFE SERIE/SUB SERIE: 4 DATA DE EMISSAO: 06/11/2018 COMENTARIOS: ------------------------------------------------------------------------ DATA: 18/12/2018 - HORA: 11:14 - USUARIO: MARCOSJR --> COMENTARIO NO PROCESSO DE DEVOLUCAO / TROCA DEVOLUCAO|
|0450|15|ESPECIE: NFE SERIE/SUB SERIE: 4 DATA DE EMISSAO: 28/11/2018 COMENTARIOS: ------------------------------------------------------------------------ DATA: 26/12/2018 - HORA: 14:54 - USUARIO: MARCOSJR --> COMENTARIO NO PROCESSO DE DEVOLUCAO / TROCA DEVOLUCAO|
|0450|16|ESPECIE: NFE SERIE/SUB SERIE: 4 DATA DE EMISSAO: 17/12/2018 COMENTARIOS: ------------------------------------------------------------------------ DATA: 26/12/2018 - HORA: 15:07 - USUARIO: MARCOSJR --> COMENTARIO NO PROCESSO DE DEVOLUCAO / TROCA DEVOLUCAO|
|0450|17|ESPECIE: NFE SERIE/SUB SERIE: 4 DATA DE EMISSAO: 28/11/2018 COMENTARIOS: ------------------------------------------------------------------------ DATA: 26/12/2018 - HORA: 17:10 - USUARIO: MARCOSJR --> COMENTARIO NO PROCESSO DE DEVOLUCAO / TROCA DEVOLUCAO|
|0450|18|ESPECIE: NFE SERIE/SUB SERIE: 4 DATA DE EMISSAO: 20/12/2018 COMENTARIOS: ------------------------------------------------------------------------ DATA: 27/12/2018 - HORA: 14:47 - USUARIO: MARCOSJR --> COMENTARIO NO PROCESSO DE DEVOLUCAO / TROCA DEVOLUCAO|
|0450|19|ESPECIE: NFE SERIE/SUB SERIE: 4 DATA DE EMISSAO: 20/12/2018 COMENTARIOS: ------------------------------------------------------------------------ DATA: 27/12/2018 - HORA: 15:01 - USUARIO: MARCOSJR --> COMENTARIO NO PROCESSO DE DEVOLUCAO / TROCA DEVOLUCAO|
|0450|20|ESPECIE: NFE SERIE/SUB SERIE: 4 DATA DE EMISSAO: 24/12/2018 COMENTARIOS: ------------------------------------------------------------------------ DATA: 27/12/2018 - HORA: 15:11 - USUARIO: MARCOSJR --> COMENTARIO NO PROCESSO DE DEVOLUCAO / TROCA DEVOLUCAO|
|0450|21|COMENTARIOS: ------------------------------------------------------------------------ DATA: 27/12/2018 - HORA: 15:22 - USUARIO: MARCOSJR --> COMENTARIO NO PROCESSO DE DEVOLUCAO / TROCA DEVOLUCAO PARCIAL. VALOR APROX. DOS TRIBUTOS: R$ 34,12 FEDERAL, R$ 17,|
|0450|22|ESPECIE: NFE SERIE/SUB SERIE: 4 DATA DE EMISSAO: 18/12/2018 COMENTARIOS: ------------------------------------------------------------------------ DATA: 28/12/2018 - HORA: 18:53 - USUARIO: MARCOSJR --> COMENTARIO NO PROCESSO DE DEVOLUCAO / TROCA DEVOLUCAO|
|0450|23|ESPECIE: NFE SERIE/SUB SERIE: 4 DATA DE EMISSAO: 03/12/2018 COMENTARIOS: ------------------------------------------------------------------------ DATA: 28/12/2018 - HORA: 19:20 - USUARIO: MARCOSJR --> COMENTARIO NO PROCESSO DE DEVOLUCAO / TROCA DEVOLUCAO|
|0450|24|ESPECIE: NFE SERIE/SUB SERIE: 4 DATA DE EMISSAO: 18/12/2018 COMENTARIOS: ------------------------------------------------------------------------ DATA: 31/12/2018 - HORA: 12:32 - USUARIO: MARCOSJR --> COMENTARIO NO PROCESSO DE DEVOLUCAO / TROCA DEVOLUCAO|
|0450|25|ESPECIE: NFE SERIE/SUB SERIE: 4 DATA DE EMISSAO: 30/12/2018 COMENTARIOS: ------------------------------------------------------------------------ DATA: 31/12/2018 - HORA: 13:05 - USUARIO: MARCOSJR --> COMENTARIO NO PROCESSO DE DEVOLUCAO / TROCA DEVOLUCAO|
|0450|26|NOTA FISCAL GERADA A PARTIR DO CUPOM NR. 001048. NFE REF. AO CF NR. VALOR APROX. DOS TRIBUTOS: R$ 85,88 FEDERAL, R$ 113,00 ESTADUAL, FONTE: IBPT/EMPRESOMETRO.COM.BR (F3W1D7).|
|0450|27|NOTA FISCAL GERADA A PARTIR DO CUPOM NR. 001049. NFE REF. AO CF NR. VALOR APROX. DOS TRIBUTOS: R$ 326,20 FEDERAL, R$ 395,40 ESTADUAL, FONTE: IBPT/EMPRESOMETRO.COM.BR (F3W1D7).|
|0450|28|NOTA FISCAL GERADA A PARTIR DO CUPOM NR. 001050. NFE REF. AO CF NR. VALOR APROX. DOS TRIBUTOS: R$ 42,41 FEDERAL, R$ 51,40 ESTADUAL, FONTE: IBPT/EMPRESOMETRO.COM.BR (F3W1D7).|
|0450|29|NOTA FISCAL GERADA A PARTIR DO CUPOM NR. 001051. NFE REF. AO CF NR. VALOR APROX. DOS TRIBUTOS: R$ 52,99 FEDERAL, R$ 76,23 ESTADUAL, FONTE: IBPT/EMPRESOMETRO.COM.BR (F3W1D7).|
|0450|30|NOTA FISCAL GERADA A PARTIR DO CUPOM NR. 001052. NFE REF. AO CF NR. VALOR APROX. DOS TRIBUTOS: R$ 80,24 FEDERAL, R$ 115,43 ESTADUAL, FONTE: IBPT/EMPRESOMETRO.COM.BR (F3W1D7).|
|0450|31|NOTA FISCAL GERADA A PARTIR DO CUPOM NR. 001053. NFE REF. AO CF NR. VALOR APROX. DOS TRIBUTOS: R$ 370,78 FEDERAL, R$ 250,80 ESTADUAL, FONTE: IBPT/EMPRESOMETRO.COM.BR (F3W1D7).|
|0450|32|NOTA FISCAL GERADA A PARTIR DO CUPOM NR. 001054. NFE REF. AO CF NR. VALOR APROX. DOS TRIBUTOS: R$ 226,50 FEDERAL, R$ 223,48 ESTADUAL, FONTE: IBPT/EMPRESOMETRO.COM.BR (F3W1D7).|
|0450|33|NOTA FISCAL GERADA A PARTIR DO CUPOM NR. 001055. NFE REF. AO CF NR. VALOR APROX. DOS TRIBUTOS: R$ 453,41 FEDERAL, R$ 297,88 ESTADUAL, FONTE: IBPT/EMPRESOMETRO.COM.BR (F3W1D7).|
|0450|34|NOTA FISCAL GERADA A PARTIR DO CUPOM NR. 001056. NFE REF. AO CF NR. VALOR APROX. DOS TRIBUTOS: R$ 337,17 FEDERAL, R$ 177,14 ESTADUAL, FONTE: IBPT/EMPRESOMETRO.COM.BR (F3W1D7).|
|0450|35|NOTA FISCAL GERADA A PARTIR DO CUPOM NR. 001057. NFE REF. AO CF NR. VALOR APROX. DOS TRIBUTOS: R$ 72,14 FEDERAL, R$ 103,77 ESTADUAL, FONTE: IBPT/EMPRESOMETRO.COM.BR (F3W1D7).|
|0450|36|NOTA FISCAL GERADA A PARTIR DO CUPOM NR. 001058. NFE REF. AO CF NR. VALOR APROX. DOS TRIBUTOS: R$ 228,34 FEDERAL, R$ 276,78 ESTADUAL, FONTE: IBPT/EMPRESOMETRO.COM.BR (F3W1D7).|
|0450|37|NOTA FISCAL GERADA A PARTIR DO CUPOM NR. 001059. NFE REF. AO CF NR. VALOR APROX. DOS TRIBUTOS: R$ 300,52 FEDERAL, R$ 302,81 ESTADUAL, FONTE: IBPT/EMPRESOMETRO.COM.BR (F3W1D7).|
|0450|38|NOTA FISCAL GERADA A PARTIR DO CUPOM NR. 001060. NFE REF. AO CF NR. VALOR APROX. DOS TRIBUTOS: R$ 28,24 FEDERAL, R$ 112,00 ESTADUAL, FONTE: IBPT/EMPRESOMETRO.COM.BR (F3W1D7).|
|0450|39|NOTA FISCAL GERADA A PARTIR DO CUPOM NR. 001061. NFE REF. AO CF NR. VALOR APROX. DOS TRIBUTOS: R$ 22,10 FEDERAL, R$ 87,65 ESTADUAL, FONTE: IBPT/EMPRESOMETRO.COM.BR (F3W1D7).|
|0450|40|NOTA FISCAL GERADA A PARTIR DO CUPOM NR. 001062. NFE REF. AO CF NR. VALOR APROX. DOS TRIBUTOS: R$ 453,41 FEDERAL, R$ 297,88 ESTADUAL, FONTE: IBPT/EMPRESOMETRO.COM.BR (F3W1D7).|
|0450|41|NOTA FISCAL GERADA A PARTIR DO CUPOM NR. 001063. NFE REF. AO CF NR. VALOR APROX. DOS TRIBUTOS: R$ 115,84 FEDERAL, R$ 60,86 ESTADUAL, FONTE: IBPT/EMPRESOMETRO.COM.BR (F3W1D7).|
|0450|42|NOTA FISCAL GERADA A PARTIR DO CUPOM NR. 001064. NFE REF. AO CF NR. VALOR APROX. DOS TRIBUTOS: R$ 523,74 FEDERAL, R$ 559,28 ESTADUAL, FONTE: IBPT/EMPRESOMETRO.COM.BR (F3W1D7).|
|0450|43|NOTA FISCAL GERADA A PARTIR DO CUPOM NR. 001065. NFE REF. AO CF NR. VALOR APROX. DOS TRIBUTOS: R$ 303,13 FEDERAL, R$ 258,36 ESTADUAL, FONTE: IBPT/EMPRESOMETRO.COM.BR (F3W1D7).|
|0450|44|NOTA FISCAL GERADA A PARTIR DO CUPOM NR. 001066. NFE REF. AO CF NR. VALOR APROX. DOS TRIBUTOS: R$ 149,87 FEDERAL, R$ 78,74 ESTADUAL, FONTE: IBPT/EMPRESOMETRO.COM.BR (F3W1D7).|
|0450|45|NOTA FISCAL GERADA A PARTIR DO CUPOM NR. 001067. NFE REF. AO CF NR. VALOR APROX. DOS TRIBUTOS: R$ 80,24 FEDERAL, R$ 115,43 ESTADUAL, FONTE: IBPT/EMPRESOMETRO.COM.BR (F3W1D7).|
|0450|46|NOTA FISCAL GERADA A PARTIR DO CUPOM NR. 001068. NFE REF. AO CF NR. VALOR APROX. DOS TRIBUTOS: R$ 142,38 FEDERAL, R$ 74,80 ESTADUAL, FONTE: IBPT/EMPRESOMETRO.COM.BR (F3W1D7).|
|0450|47|NOTA FISCAL GERADA A PARTIR DO CUPOM NR. 001069. NFE REF. AO CF NR. VALOR APROX. DOS TRIBUTOS: R$ 306,05 FEDERAL, R$ 239,84 ESTADUAL, FONTE: IBPT/EMPRESOMETRO.COM.BR (F3W1D7).|
|0450|48|NOTA FISCAL GERADA A PARTIR DO CUPOM NR. 001070. NFE REF. AO CF NR. VALOR APROX. DOS TRIBUTOS: R$ 1.142,51 FEDERAL, R$ 951,54 ESTADUAL, FONTE: IBPT/EMPRESOMETRO.COM.BR (F3W1D7).|
|0450|49|NOTA FISCAL GERADA A PARTIR DO CUPOM NR. 001071. NFE REF. AO CF NR. VALOR APROX. DOS TRIBUTOS: R$ 243,49 FEDERAL, R$ 213,13 ESTADUAL, FONTE: IBPT/EMPRESOMETRO.COM.BR (F3W1D7).|
|0450|50|NOTA FISCAL GERADA A PARTIR DO CUPOM NR. 001072. NFE REF. AO CF NR. VALOR APROX. DOS TRIBUTOS: R$ 821,27 FEDERAL, R$ 403,03 ESTADUAL, FONTE: IBPT/EMPRESOMETRO.COM.BR (F3W1D7).|
|0450|51|NOTA FISCAL GERADA A PARTIR DO CUPOM NR. 001075. NFE REF. AO CF NR. VALOR APROX. DOS TRIBUTOS: R$ 56,22 FEDERAL, R$ 73,97 ESTADUAL, FONTE: IBPT/EMPRESOMETRO.COM.BR (F3W1D7).|
|0450|52|NOTA FISCAL GERADA A PARTIR DO CUPOM NR. 001074. NFE REF. AO CF NR. VALOR APROX. DOS TRIBUTOS: R$ 215,80 FEDERAL, R$ 224,71 ESTADUAL, FONTE: IBPT/EMPRESOMETRO.COM.BR (F3W1D7).|
|0450|53|NOTA FISCAL GERADA A PARTIR DO CUPOM NR. 001073. NFE REF. AO CF NR. VALOR APROX. DOS TRIBUTOS: R$ 821,27 FEDERAL, R$ 403,03 ESTADUAL, FONTE: IBPT/EMPRESOMETRO.COM.BR (F3W1D7).|
|0450|54|NOTA FISCAL GERADA A PARTIR DO CUPOM NR. 001076. NFE REF. AO CF NR. VALOR APROX. DOS TRIBUTOS: R$ 1.092,01 FEDERAL, R$ 731,20 ESTADUAL, FONTE: IBPT/EMPRESOMETRO.COM.BR (F3W1D7).|
|0450|55|NOTA FISCAL GERADA A PARTIR DO CUPOM NR. 001077. NFE REF. AO CF NR. VALOR APROX. DOS TRIBUTOS: R$ 237,02 FEDERAL, R$ 108,75 ESTADUAL, FONTE: IBPT/EMPRESOMETRO.COM.BR (F3W1D7).|
|0450|56|NOTA FISCAL GERADA A PARTIR DO CUPOM NR. 001078. NFE REF. AO CF NR. VALOR APROX. DOS TRIBUTOS: R$ 244,48 FEDERAL, R$ 227,68 ESTADUAL, FONTE: IBPT/EMPRESOMETRO.COM.BR (F3W1D7).|
|0450|57|NOTA FISCAL GERADA A PARTIR DO CUPOM NR. 001079. NFE REF. AO CF NR. VALOR APROX. DOS TRIBUTOS: R$ 80,24 FEDERAL, R$ 115,43 ESTADUAL, FONTE: IBPT/EMPRESOMETRO.COM.BR (F3W1D7).|
|0450|58|NOTA FISCAL GERADA A PARTIR DO CUPOM NR. 001080. NFE REF. AO CF NR. VALOR APROX. DOS TRIBUTOS: R$ 337,17 FEDERAL, R$ 177,14 ESTADUAL, FONTE: IBPT/EMPRESOMETRO.COM.BR (F3W1D7).|
|0450|59|NOTA FISCAL GERADA A PARTIR DO CUPOM NR. 001081. NFE REF. AO CF NR. VALOR APROX. DOS TRIBUTOS: R$ 55,28 FEDERAL, R$ 29,04 ESTADUAL, FONTE: IBPT/EMPRESOMETRO.COM.BR (F3W1D7).|
|0450|60|NOTA FISCAL GERADA A PARTIR DO CUPOM NR. 001082. NFE REF. AO CF NR. VALOR APROX. DOS TRIBUTOS: R$ 981,21 FEDERAL, R$ 710,03 ESTADUAL, FONTE: IBPT/EMPRESOMETRO.COM.BR (F3W1D7).|
|0450|61|NOTA FISCAL GERADA A PARTIR DO CUPOM NR. 001083. NFE REF. AO CF NR. VALOR APROX. DOS TRIBUTOS: R$ 29,17 FEDERAL, R$ 115,69 ESTADUAL, FONTE: IBPT/EMPRESOMETRO.COM.BR (F3W1D7).|
|0450|62|NOTA FISCAL GERADA A PARTIR DO CUPOM NR. 001084. NFE REF. AO CF NR. VALOR APROX. DOS TRIBUTOS: R$ 84,28 FEDERAL, R$ 110,89 ESTADUAL,|
|0450|63|NOTA FISCAL GERADA A PARTIR DO CUPOM NR. 001085. NFE REF. AO CF NR. VALOR APROX. DOS TRIBUTOS: R$ 212,73 FEDERAL, R$ 257,85 ESTADUAL, FONTE: IBPT/EMPRESOMETRO.COM.BR (F3W1D7).|
|0450|64|NOTA FISCAL GERADA A PARTIR DO CUPOM NR. 001086. NFE REF. AO CF NR. VALOR APROX. DOS TRIBUTOS: R$ 56,94 FEDERAL, R$ 55,80 ESTADUAL, FONTE: IBPT/EMPRESOMETRO.COM.BR (F3W1D7).|
|0450|65|NOTA FISCAL GERADA A PARTIR DO CUPOM NR. 001087. NFE REF. AO CF NR. VALOR APROX. DOS TRIBUTOS: R$ 303,81 FEDERAL, R$ 212,35 ESTADUAL, FONTE: IBPT/EMPRESOMETRO.COM.BR (F3W1D7).|
|0450|66|NOTA FISCAL GERADA A PARTIR DO CUPOM NR. 001088. NFE REF. AO CF NR. VALOR APROX. DOS TRIBUTOS: R$ 114,91 FEDERAL, R$ 151,20 ESTADUAL,|
|0450|67|NOTA FISCAL GERADA A PARTIR DO CUPOM NR. 001089. NFE REF. AO CF NR. VALOR APROX. DOS TRIBUTOS: R$ 61,85 FEDERAL, R$ 88,97 ESTADUAL, FONTE: IBPT/EMPRESOMETRO.COM.BR (F3W1D7).|
|0450|68|NOTA FISCAL GERADA A PARTIR DO CUPOM NR. 001090. NFE REF. AO CF NR. VALOR APROX. DOS TRIBUTOS: R$ 98,35 FEDERAL, R$ 119,22 ESTADUAL, FONTE: IBPT/EMPRESOMETRO.COM.BR (F3W1D7).|
|0450|69|DEVOLUCAO PARCIAL N 057.023 26.10.2018. VALOR APROX. DOS TRIBUTOS: R$ 60,70 FEDERAL, R$ 73,58 ESTADUAL, FONTE: IBPT/EMPRESOMETRO.COM.BR (F3W1D7).|
|0450|70|NOTA FISCAL GERADA A PARTIR DO CUPOM NR. 001091. NFE REF. AO CF NR. VALOR APROX. DOS TRIBUTOS: R$ 1.028,23 FEDERAL, R$ 610,82 ESTADUAL, FONTE: IBPT/EMPRESOMETRO.COM.BR (F3W1D7).|
|0450|71|NOTA FISCAL GERADA A PARTIR DO CUPOM NR. 001092. NFE REF. AO CF NR. VALOR APROX. DOS TRIBUTOS: R$ 128,36 FEDERAL, R$ 67,44 ESTADUAL, FONTE: IBPT/EMPRESOMETRO.COM.BR (F3W1D7).|
|0450|72|NOTA FISCAL GERADA A PARTIR DO CUPOM NR. 001093. NFE REF. AO CF NR. VALOR APROX. DOS TRIBUTOS: R$ 290,69 FEDERAL, R$ 376,70 ESTADUAL, FONTE: IBPT/EMPRESOMETRO.COM.BR (F3W1D7).|
|0450|73|NOTA FISCAL GERADA A PARTIR DO CUPOM NR. 001094. NFE REF. AO CF NR. VALOR APROX. DOS TRIBUTOS: R$ 868,16 FEDERAL, R$ 507,45 ESTADUAL, FONTE: IBPT/EMPRESOMETRO.COM.BR (F3W1D7).|
|0450|74|NOTA FISCAL GERADA A PARTIR DO CUPOM NR. 001095. NFE REF. AO CF NR. VALOR APROX. DOS TRIBUTOS: R$ 139,97 FEDERAL, R$ 227,49 ESTADUAL, FONTE: IBPT/EMPRESOMETRO.COM.BR (F3W1D7).|
|0450|75|NOTA FISCAL GERADA A PARTIR DO CUPOM NR. 001096. NFE REF. AO CF NR. VALOR APROX. DOS TRIBUTOS: R$ 142,38 FEDERAL, R$ 74,80 ESTADUAL, FONTE: IBPT/EMPRESOMETRO.COM.BR (F3W1D7).|
|0450|76|NOTA FISCAL GERADA A PARTIR DO CUPOM NR. 001097. NFE REF. AO CF NR. VALOR APROX. DOS TRIBUTOS: R$ 142,38 FEDERAL, R$ 74,80 ESTADUAL, FONTE: IBPT/EMPRESOMETRO.COM.BR (F3W1D7).|
|0450|77|NOTA FISCAL GERADA A PARTIR DO CUPOM NR. 001098. NFE REF. AO CF NR. VALOR APROX. DOS TRIBUTOS: R$ 103,18 FEDERAL, R$ 125,07 ESTADUAL, FONTE: IBPT/EMPRESOMETRO.COM.BR (F3W1D7).|
|0450|78|NOTA FISCAL GERADA A PARTIR DO CUPOM NR. 001099. NFE REF. AO CF NR. VALOR APROX. DOS TRIBUTOS: R$ 114,91 FEDERAL, R$ 151,20 ESTADUAL,|
|0450|79|NOTA FISCAL GERADA A PARTIR DO CUPOM NR. 001100. NFE REF. AO CF NR. VALOR APROX. DOS TRIBUTOS: R$ 65,57 FEDERAL, R$ 86,28 ESTADUAL, FONTE: IBPT/EMPRESOMETRO.COM.BR (F3W1D7).|
|0450|80|NOTA FISCAL GERADA A PARTIR DO CUPOM NR. 001101. NFE REF. AO CF NR. VALOR APROX. DOS TRIBUTOS: R$ 103,18 FEDERAL, R$ 125,07 ESTADUAL, FONTE: IBPT/EMPRESOMETRO.COM.BR (F3W1D7).|
|0450|81|NOTA FISCAL GERADA A PARTIR DO CUPOM NR. 001102. NFE REF. AO CF NR. VALOR APROX. DOS TRIBUTOS: R$ 719,51 FEDERAL, R$ 480,24 ESTADUAL, FONTE: IBPT/EMPRESOMETRO.COM.BR (F3W1D7).|
|0450|82|NOTA FISCAL GERADA A PARTIR DO CUPOM NR. 001103. NFE REF. AO CF NR. VALOR APROX. DOS TRIBUTOS: R$ 183,69 FEDERAL, R$ 96,50 ESTADUAL, FONTE: IBPT/EMPRESOMETRO.COM.BR (F3W1D7).|
|0450|83|NOTA FISCAL GERADA A PARTIR DO CUPOM NR. 001104. NFE REF. AO CF NR. VALOR APROX. DOS TRIBUTOS: R$ 72,14 FEDERAL, R$ 103,77 ESTADUAL, FONTE: IBPT/EMPRESOMETRO.COM.BR (F3W1D7).|
|0450|84|NOTA FISCAL GERADA A PARTIR DO CUPOM NR. 001105. NFE REF. AO CF NR. VALOR APROX. DOS TRIBUTOS: R$ 150,88 FEDERAL, R$ 79,27 ESTADUAL, FONTE: IBPT/EMPRESOMETRO.COM.BR (F3W1D7).|
|0450|85|NOTA FISCAL GERADA A PARTIR DO CUPOM NR. 001106. NFE REF. AO CF NR. VALOR APROX. DOS TRIBUTOS: R$ 336,05 FEDERAL, R$ 421,85 ESTADUAL, FONTE: IBPT/EMPRESOMETRO.COM.BR (F3W1D7).|
|0450|86|NOTA FISCAL GERADA A PARTIR DO CUPOM NR. 001107. NFE REF. AO CF NR. VALOR APROX. DOS TRIBUTOS: R$ 69,94 FEDERAL, R$ 160,60 ESTADUAL, FONTE: IBPT/EMPRESOMETRO.COM.BR (F3W1D7).|
|0450|87|NOTA FISCAL GERADA A PARTIR DO CUPOM NR. 001108. NFE REF. AO CF NR. VALOR APROX. DOS TRIBUTOS: R$ 121,94 FEDERAL, R$ 64,06 ESTADUAL, FONTE: IBPT/EMPRESOMETRO.COM.BR (F3W1D7).|
|0450|88|NOTA FISCAL GERADA A PARTIR DO CUPOM NR. 001109. NFE REF. AO CF NR. VALOR APROX. DOS TRIBUTOS: R$ 150,88 FEDERAL, R$ 79,27 ESTADUAL, FONTE: IBPT/EMPRESOMETRO.COM.BR (F3W1D7).|
|0450|89|NOTA FISCAL GERADA A PARTIR DO CUPOM NR. 001110. NFE REF. AO CF NR. VALOR APROX. DOS TRIBUTOS: R$ 318,71 FEDERAL, R$ 394,97 ESTADUAL, FONTE: IBPT/EMPRESOMETRO.COM.BR (F3W1D7).|
|0450|90|NOTA FISCAL GERADA A PARTIR DO CUPOM NR. 001111. NFE REF. AO CF NR. VALOR APROX. DOS TRIBUTOS: R$ 174,50 FEDERAL, R$ 91,68 ESTADUAL, FONTE: IBPT/EMPRESOMETRO.COM.BR (F3W1D7).|
|0450|91|NOTA FISCAL GERADA A PARTIR DO CUPOM NR. 001112. NFE REF. AO CF NR. VALOR APROX. DOS TRIBUTOS: R$ 240,42 FEDERAL, R$ 272,64 ESTADUAL, FONTE: IBPT/EMPRESOMETRO.COM.BR (F3W1D7).|
|0450|92|NOTA FISCAL GERADA A PARTIR DO CUPOM NR. 001113. NFE REF. AO CF NR. VALOR APROX. DOS TRIBUTOS: R$ 80,24 FEDERAL, R$ 115,43 ESTADUAL, FONTE: IBPT/EMPRESOMETRO.COM.BR (F3W1D7).|
|0450|93|NOTA FISCAL GERADA A PARTIR DO CUPOM NR. 001114. NFE REF. AO CF NR. VALOR APROX. DOS TRIBUTOS: R$ 226,13 FEDERAL, R$ 118,80 ESTADUAL, FONTE: IBPT/EMPRESOMETRO.COM.BR (F3W1D7).|
|0450|94|NOTA FISCAL GERADA A PARTIR DO CUPOM NR. 001115. NFE REF. AO CF NR. VALOR APROX. DOS TRIBUTOS: R$ 69,82 FEDERAL, R$ 180,95 ESTADUAL, FONTE: IBPT/EMPRESOMETRO.COM.BR (F3W1D7).|
|0450|95|NOTA FISCAL GERADA A PARTIR DO CUPOM NR. 001116. NFE REF. AO CF NR. VALOR APROX. DOS TRIBUTOS: R$ 327,56 FEDERAL, R$ 439,01 ESTADUAL, FONTE: IBPT/EMPRESOMETRO.COM.BR (F3W1D7).|
|0450|96|NOTA FISCAL GERADA A PARTIR DO CUPOM NR. 001117. NFE REF. AO CF NR. VALOR APROX. DOS TRIBUTOS: R$ 266,31 FEDERAL, R$ 282,88 ESTADUAL, FONTE: IBPT/EMPRESOMETRO.COM.BR (F3W1D7).|
|0450|97|NOTA FISCAL GERADA A PARTIR DO CUPOM NR. 001118. NFE REF. AO CF NR. VALOR APROX. DOS TRIBUTOS: R$ 350,34 FEDERAL, R$ 414,41 ESTADUAL, FONTE: IBPT/EMPRESOMETRO.COM.BR (F3W1D7).|
|0450|98|NOTA FISCAL GERADA A PARTIR DO CUPOM NR. 001119. NFE REF. AO CF NR. VALOR APROX. DOS TRIBUTOS: R$ 264,95 FEDERAL, R$ 381,15 ESTADUAL, FONTE: IBPT/EMPRESOMETRO.COM.BR (F3W1D7).|
|0450|99|NOTA FISCAL GERADA A PARTIR DO CUPOM NR. 001120. NFE REF. AO CF NR. VALOR APROX. DOS TRIBUTOS: R$ 301,35 FEDERAL, R$ 365,28 ESTADUAL, FONTE: IBPT/EMPRESOMETRO.COM.BR (F3W1D7).|
|0450|100|NOTA FISCAL GERADA A PARTIR DO CUPOM NR. 001121. NFE REF. AO CF NR. VALOR APROX. DOS TRIBUTOS: R$ 549,89 FEDERAL, R$ 555,00 ESTADUAL, FONTE: IBPT/EMPRESOMETRO.COM.BR (F3W1D7).|
|0450|101|NOTA FISCAL GERADA A PARTIR DO CUPOM NR. 001122. NFE REF. AO CF NR. VALOR APROX. DOS TRIBUTOS: R$ 799,33 FEDERAL, R$ 536,03 ESTADUAL, FONTE: IBPT/EMPRESOMETRO.COM.BR (F3W1D7).|
|0450|102|NOTA FISCAL GERADA A PARTIR DO CUPOM NR. 001123. NFE REF. AO CF NR. VALOR APROX. DOS TRIBUTOS: R$ 349,41 FEDERAL, R$ 130,68 ESTADUAL, FONTE: IBPT/EMPRESOMETRO.COM.BR (F3W1D7).|
|0450|103|NOTA FISCAL GERADA A PARTIR DO CUPOM NR. 001124. NFE REF. AO CF NR. VALOR APROX. DOS TRIBUTOS: R$ 195,59 FEDERAL, R$ 207,04 ESTADUAL, FONTE: IBPT/EMPRESOMETRO.COM.BR (F3W1D7).|
|0450|104|NOTA FISCAL GERADA A PARTIR DO CUPOM NR. 001125. NFE REF. AO CF NR. VALOR APROX. DOS TRIBUTOS: R$ 484,88 FEDERAL, R$ 633,52 ESTADUAL, FONTE: IBPT/EMPRESOMETRO.COM.BR (F3W1D7).|
|0450|105|NOTA FISCAL GERADA A PARTIR DO CUPOM NR. 001126. NFE REF. AO CF NR. VALOR APROX. DOS TRIBUTOS: R$ 180,88 FEDERAL, R$ 238,00 ESTADUAL, FONTE: IBPT/EMPRESOMETRO.COM.BR (F3W1D7).|
|0450|106|NOTA FISCAL GERADA A PARTIR DO CUPOM NR. 001127. NFE REF. AO CF NR. VALOR APROX. DOS TRIBUTOS: R$ 68,53 FEDERAL, R$ 98,58 ESTADUAL, FONTE: IBPT/EMPRESOMETRO.COM.BR (F3W1D7).|
|0450|107|NOTA FISCAL GERADA A PARTIR DO CUPOM NR. 001128. NFE REF. AO CF NR. VALOR APROX. DOS TRIBUTOS: R$ 33,28 FEDERAL, R$ 132,00 ESTADUAL, FONTE: IBPT/EMPRESOMETRO.COM.BR (F3W1D7).|
|0450|108|NOTA FISCAL GERADA A PARTIR DO CUPOM NR. 001129. NFE REF. AO CF NR. VALOR APROX. DOS TRIBUTOS: R$ 21,74 FEDERAL, R$ 86,22 ESTADUAL, FONTE: IBPT/EMPRESOMETRO.COM.BR (F3W1D7).|
|0450|109|NOTA FISCAL GERADA A PARTIR DO CUPOM NR. 001130. NFE REF. AO CF NR. VALOR APROX. DOS TRIBUTOS: R$ 487,67 FEDERAL, R$ 591,12 ESTADUAL, FONTE: IBPT/EMPRESOMETRO.COM.BR (F3W1D7).|
|0450|110|NOTA FISCAL GERADA A PARTIR DO CUPOM NR. 001131. NFE REF. AO CF NR. VALOR APROX. DOS TRIBUTOS: R$ 52,99 FEDERAL, R$ 76,23 ESTADUAL, FONTE: IBPT/EMPRESOMETRO.COM.BR (F3W1D7).|
|0450|111|NOTA FISCAL GERADA A PARTIR DO CUPOM NR. 001132. NFE REF. AO CF NR. VALOR APROX. DOS TRIBUTOS: R$ 94,54 FEDERAL, R$ 96,92 ESTADUAL, FONTE: IBPT/EMPRESOMETRO.COM.BR (F3W1D7).|
|0450|112|NOTA FISCAL GERADA A PARTIR DO CUPOM NR. 001133. NFE REF. AO CF NR. VALOR APROX. DOS TRIBUTOS: R$ 596,89 FEDERAL, R$ 513,69 ESTADUAL, FONTE: IBPT/EMPRESOMETRO.COM.BR (F3W1D7).|
|0450|113|NOTA FISCAL GERADA A PARTIR DO CUPOM NR. 001134. NFE REF. AO CF NR. VALOR APROX. DOS TRIBUTOS: R$ 68,53 FEDERAL, R$ 98,58 ESTADUAL, FONTE: IBPT/EMPRESOMETRO.COM.BR (F3W1D7).|
|0450|114|NOTA FISCAL GERADA A PARTIR DO CUPOM NR. 001135. NFE REF. AO CF NR. VALOR APROX. DOS TRIBUTOS: R$ 720,38 FEDERAL, R$ 872,78 ESTADUAL, FONTE: IBPT/EMPRESOMETRO.COM.BR (F3W1D7).|
|0450|115|NOTA FISCAL GERADA A PARTIR DO CUPOM NR. 001136. NFE REF. AO CF NR. VALOR APROX. DOS TRIBUTOS: R$ 163,09 FEDERAL, R$ 197,69 ESTADUAL, FONTE: IBPT/EMPRESOMETRO.COM.BR (F3W1D7).|
|0450|116|NOTA FISCAL GERADA A PARTIR DO CUPOM NR. 001137. NFE REF. AO CF NR. VALOR APROX. DOS TRIBUTOS: R$ 32,32 FEDERAL, R$ 128,19 ESTADUAL, FONTE: IBPT/EMPRESOMETRO.COM.BR (F3W1D7).|
|0450|117|NOTA FISCAL GERADA A PARTIR DO CUPOM NR. 001138. NFE REF. AO CF NR. VALOR APROX. DOS TRIBUTOS: R$ 58,26 FEDERAL, R$ 70,62 ESTADUAL, FONTE: IBPT/EMPRESOMETRO.COM.BR (F3W1D7).|
|0450|118|NOTA FISCAL GERADA A PARTIR DO CUPOM NR. 001139. NFE REF. AO CF NR. VALOR APROX. DOS TRIBUTOS: R$ 80,24 FEDERAL, R$ 115,43 ESTADUAL, FONTE: IBPT/EMPRESOMETRO.COM.BR (F3W1D7).|
|0450|119|NOTA FISCAL GERADA A PARTIR DO CUPOM NR. 001140. NFE REF. AO CF NR. VALOR APROX. DOS TRIBUTOS: R$ 61,85 FEDERAL, R$ 88,97 ESTADUAL, FONTE: IBPT/EMPRESOMETRO.COM.BR (F3W1D7).|
|0450|120|NOTA FISCAL GERADA A PARTIR DO CUPOM NR. 001141. NFE REF. AO CF NR. VALOR APROX. DOS TRIBUTOS: R$ 375,20 FEDERAL, R$ 197,12 ESTADUAL, FONTE: IBPT/EMPRESOMETRO.COM.BR (F3W1D7).|
|0450|121|NOTA FISCAL GERADA A PARTIR DO CUPOM NR. 001142. NFE REF. AO CF NR. VALOR APROX. DOS TRIBUTOS: R$ 236,71 FEDERAL, R$ 286,93 ESTADUAL, FONTE: IBPT/EMPRESOMETRO.COM.BR (F3W1D7).|
|0450|122|NOTA FISCAL GERADA A PARTIR DO CUPOM NR. 001144. NFE REF. AO CF NR. VALOR APROX. DOS TRIBUTOS: R$ 534,02 FEDERAL, R$ 675,64 ESTADUAL, FONTE: IBPT/EMPRESOMETRO.COM.BR (F3W1D7).|
|0450|123|NOTA FISCAL GERADA A PARTIR DO CUPOM NR. 001143. NFE REF. AO CF NR. VALOR APROX. DOS TRIBUTOS: R$ 55,77 FEDERAL, R$ 221,20 ESTADUAL, FONTE: IBPT/EMPRESOMETRO.COM.BR (F3W1D7).|
|0450|124|NOTA FISCAL GERADA A PARTIR DO CUPOM NR. 001145. NFE REF. AO CF NR. VALOR APROX. DOS TRIBUTOS: R$ 163,09 FEDERAL, R$ 197,69 ESTADUAL, FONTE: IBPT/EMPRESOMETRO.COM.BR (F3W1D7).|
|0450|125|NOTA FISCAL GERADA A PARTIR DO CUPOM NR. 001146. NFE REF. AO CF NR. VALOR APROX. DOS TRIBUTOS: R$ 180,88 FEDERAL, R$ 238,00 ESTADUAL, FONTE: IBPT/EMPRESOMETRO.COM.BR (F3W1D7).|
|0450|126|NOTA FISCAL GERADA A PARTIR DO CUPOM NR. 001147. NFE REF. AO CF NR. VALOR APROX. DOS TRIBUTOS: R$ 52,99 FEDERAL, R$ 76,23 ESTADUAL, FONTE: IBPT/EMPRESOMETRO.COM.BR (F3W1D7).|
|0450|127|NOTA FISCAL GERADA A PARTIR DO CUPOM NR. 001148. NFE REF. AO CF NR. VALOR APROX. DOS TRIBUTOS: R$ 348,39 FEDERAL, R$ 458,41 ESTADUAL, FONTE: IBPT/EMPRESOMETRO.COM.BR (F3W1D7).|
|0450|128|NOTA FISCAL GERADA A PARTIR DO CUPOM NR. 001149. NFE REF. AO CF NR. VALOR APROX. DOS TRIBUTOS: R$ 31,77 FEDERAL, R$ 126,00 ESTADUAL, FONTE: IBPT/EMPRESOMETRO.COM.BR (F3W1D7).|
|0450|129|NOTA FISCAL GERADA A PARTIR DO CUPOM NR. 001150. NFE REF. AO CF NR. VALOR APROX. DOS TRIBUTOS: R$ 116,97 FEDERAL, R$ 50,71 ESTADUAL, FONTE: IBPT/EMPRESOMETRO.COM.BR (F3W1D7).|
|0450|130|NOTA FISCAL GERADA A PARTIR DO CUPOM NR. 001151. NFE REF. AO CF NR. VALOR APROX. DOS TRIBUTOS: R$ 340,88 FEDERAL, R$ 413,19 ESTADUAL, FONTE: IBPT/EMPRESOMETRO.COM.BR (F3W1D7).|
|0450|131|NOTA FISCAL GERADA A PARTIR DO CUPOM NR. 001152. NFE REF. AO CF NR. VALOR APROX. DOS TRIBUTOS: R$ 312,82 FEDERAL, R$ 411,60 ESTADUAL, FONTE: IBPT/EMPRESOMETRO.COM.BR (F3W1D7).|
|0450|132|NOTA FISCAL GERADA A PARTIR DO CUPOM NR. 001153. NFE REF. AO CF NR. VALOR APROX. DOS TRIBUTOS: R$ 604,48 FEDERAL, R$ 798,11 ESTADUAL, FONTE: IBPT/EMPRESOMETRO.COM.BR (F3W1D7).|
|0450|133|NOTA FISCAL GERADA A PARTIR DO CUPOM NR. 001154. NFE REF. AO CF NR. VALOR APROX. DOS TRIBUTOS: R$ 56,22 FEDERAL, R$ 73,97 ESTADUAL, FONTE: IBPT/EMPRESOMETRO.COM.BR (F3W1D7).|
|0450|134|NOTA FISCAL GERADA A PARTIR DO CUPOM NR. 001155. NFE REF. AO CF NR. VALOR APROX. DOS TRIBUTOS: R$ 499,31 FEDERAL, R$ 406,34 ESTADUAL, FONTE: IBPT/EMPRESOMETRO.COM.BR (F3W1D7).|
|0450|135|NOTA FISCAL GERADA A PARTIR DO CUPOM NR. 001156. NFE REF. AO CF NR. VALOR APROX. DOS TRIBUTOS: R$ 338,57 FEDERAL, R$ 410,39 ESTADUAL, FONTE: IBPT/EMPRESOMETRO.COM.BR (F3W1D7).|
|0450|136|NOTA FISCAL GERADA A PARTIR DO CUPOM NR. 001157. NFE REF. AO CF NR. VALOR APROX. DOS TRIBUTOS: R$ 783,71 FEDERAL, R$ 926,85 ESTADUAL, FONTE: IBPT/EMPRESOMETRO.COM.BR (F3W1D7).|
|0450|137|NOTA FISCAL GERADA A PARTIR DO CUPOM NR. 001158. NFE REF. AO CF NR. VALOR APROX. DOS TRIBUTOS: R$ 163,09 FEDERAL, R$ 197,69 ESTADUAL, FONTE: IBPT/EMPRESOMETRO.COM.BR (F3W1D7).|
|0450|138|NOTA FISCAL GERADA A PARTIR DO CUPOM NR. 001159. NFE REF. AO CF NR. VALOR APROX. DOS TRIBUTOS: R$ 1.669,46 FEDERAL, R$ 2.023,62 ESTADUAL, FONTE: IBPT/EMPRESOMETRO.COM.BR (F3W1D7).|
|0450|139|NOTA FISCAL GERADA A PARTIR DO CUPOM NR. 001160. NFE REF. AO CF NR. VALOR APROX. DOS TRIBUTOS: R$ 277,27 FEDERAL, R$ 336,09 ESTADUAL, FONTE: IBPT/EMPRESOMETRO.COM.BR (F3W1D7).|
|0450|140|NOTA FISCAL GERADA A PARTIR DO CUPOM NR. 001161. NFE REF. AO CF NR. VALOR APROX. DOS TRIBUTOS: R$ 213,28 FEDERAL, R$ 174,24 ESTADUAL, FONTE: IBPT/EMPRESOMETRO.COM.BR (F3W1D7).|
|0450|141|NOTA FISCAL GERADA A PARTIR DO CUPOM NR. 001162. NFE REF. AO CF NR. VALOR APROX. DOS TRIBUTOS: R$ 65,10 FEDERAL, R$ 93,66 ESTADUAL, FONTE: IBPT/EMPRESOMETRO.COM.BR (F3W1D7).|
|0450|142|NOTA FISCAL GERADA A PARTIR DO CUPOM NR. 001163. NFE REF. AO CF NR. VALOR APROX. DOS TRIBUTOS: R$ 307,82 FEDERAL, R$ 361,05 ESTADUAL, FONTE: IBPT/EMPRESOMETRO.COM.BR (F3W1D7).|
|0450|143|NOTA FISCAL GERADA A PARTIR DO CUPOM NR. 001164. NFE REF. AO CF NR. VALOR APROX. DOS TRIBUTOS: R$ 36,01 FEDERAL, R$ 142,80 ESTADUAL, FONTE: IBPT/EMPRESOMETRO.COM.BR (F3W1D7).|
|0450|144|NOTA FISCAL GERADA A PARTIR DO CUPOM NR. 001165. NFE REF. AO CF NR. VALOR APROX. DOS TRIBUTOS: R$ 1.269,58 FEDERAL, R$ 550,39 ESTADUAL, FONTE: IBPT/EMPRESOMETRO.COM.BR (F3W1D7).|
|0450|145|NOTA FISCAL GERADA A PARTIR DO CUPOM NR. 001166. NFE REF. AO CF NR. VALOR APROX. DOS TRIBUTOS: R$ 178,37 FEDERAL, R$ 185,71 ESTADUAL, FONTE: IBPT/EMPRESOMETRO.COM.BR (F3W1D7).|
|0450|146|NOTA FISCAL GERADA A PARTIR DO CUPOM NR. 001167. NFE REF. AO CF NR. VALOR APROX. DOS TRIBUTOS: R$ 36,08 FEDERAL, R$ 53,45 ESTADUAL, FONTE: IBPT/EMPRESOMETRO.COM.BR (F3W1D7).|
|0450|147|NOTA FISCAL GERADA A PARTIR DO CUPOM NR. 001168. NFE REF. AO CF NR. VALOR APROX. DOS TRIBUTOS: R$ 56,68 FEDERAL, R$ 112,00 ESTADUAL, FONTE: IBPT/EMPRESOMETRO.COM.BR (F3W1D7).|
|0450|148|NOTA FISCAL GERADA A PARTIR DO CUPOM NR. 001169. NFE REF. AO CF NR. VALOR APROX. DOS TRIBUTOS: R$ 100,02 FEDERAL, R$ 131,60 ESTADUAL, FONTE: IBPT/EMPRESOMETRO.COM.BR (F3W1D7).|
|0450|149|NOTA FISCAL GERADA A PARTIR DO CUPOM NR. 001170. NFE REF. AO CF NR. VALOR APROX. DOS TRIBUTOS: R$ 207,53 FEDERAL, R$ 352,95 ESTADUAL, FONTE: IBPT/EMPRESOMETRO.COM.BR (F3W1D7).|
|0450|150|NOTA FISCAL GERADA A PARTIR DO CUPOM NR. 001171. NFE REF. AO CF NR. VALOR APROX. DOS TRIBUTOS: R$ 93,38 FEDERAL, R$ 122,87 ESTADUAL,|
|0450|151|NOTA FISCAL GERADA A PARTIR DO CUPOM NR. 001172. NFE REF. AO CF NR. VALOR APROX. DOS TRIBUTOS: R$ 117,53 FEDERAL, R$ 142,46 ESTADUAL, FONTE: IBPT/EMPRESOMETRO.COM.BR (F3W1D7).|
|0450|152|NOTA FISCAL GERADA A PARTIR DO CUPOM NR. 001173. NFE REF. AO CF NR. VALOR APROX. DOS TRIBUTOS: R$ 550,16 FEDERAL, R$ 334,45 ESTADUAL, FONTE: IBPT/EMPRESOMETRO.COM.BR (F3W1D7).|
|0450|153|NOTA FISCAL GERADA A PARTIR DO CUPOM NR. 001174. NFE REF. AO CF NR. VALOR APROX. DOS TRIBUTOS: R$ 905,49 FEDERAL, R$ 566,37 ESTADUAL, FONTE: IBPT/EMPRESOMETRO.COM.BR (F3W1D7).|
|0450|154|NOTA FISCAL GERADA A PARTIR DO CUPOM NR. 001175. NFE REF. AO CF NR. VALOR APROX. DOS TRIBUTOS: R$ 1.072,02 FEDERAL, R$ 685,72 ESTADUAL, FONTE: IBPT/EMPRESOMETRO.COM.BR (F3W1D7).|
|0450|155|NOTA FISCAL GERADA A PARTIR DO CUPOM NR. 001176. NFE REF. AO CF NR. VALOR APROX. DOS TRIBUTOS: R$ 167,50 FEDERAL, R$ 88,00 ESTADUAL, FONTE: IBPT/EMPRESOMETRO.COM.BR (F3W1D7).|
|0450|156|NOTA FISCAL GERADA A PARTIR DO CUPOM NR. 001177. NFE REF. AO CF NR. VALOR APROX. DOS TRIBUTOS: R$ 183,69 FEDERAL, R$ 96,50 ESTADUAL, FONTE: IBPT/EMPRESOMETRO.COM.BR (F3W1D7).|
|0450|157|NOTA FISCAL GERADA A PARTIR DO CUPOM NR. 001178. NFE REF. AO CF NR. VALOR APROX. DOS TRIBUTOS: R$ 241,21 FEDERAL, R$ 126,72 ESTADUAL, FONTE: IBPT/EMPRESOMETRO.COM.BR (F3W1D7).|
|0450|158|NOTA FISCAL GERADA A PARTIR DO CUPOM NR. 001179. NFE REF. AO CF NR. VALOR APROX. DOS TRIBUTOS: R$ 56,08 FEDERAL, R$ 128,84 ESTADUAL, FONTE: IBPT/EMPRESOMETRO.COM.BR (F3W1D7).|
|0450|159|NOTA FISCAL GERADA A PARTIR DO CUPOM NR. 001180. NFE REF. AO CF NR. VALOR APROX. DOS TRIBUTOS: R$ 146,84 FEDERAL, R$ 177,99 ESTADUAL, FONTE: IBPT/EMPRESOMETRO.COM.BR (F3W1D7).|
|0450|160|NOTA FISCAL GERADA A PARTIR DO CUPOM NR. 001181. NFE REF. AO CF NR. VALOR APROX. DOS TRIBUTOS: R$ 1.098,25 FEDERAL, R$ 577,31 ESTADUAL, FONTE: IBPT/EMPRESOMETRO.COM.BR (F3W1D7).|
|0450|161|NOTA FISCAL GERADA A PARTIR DO CUPOM NR. 001182. NFE REF. AO CF NR. VALOR APROX. DOS TRIBUTOS: R$ 701,68 FEDERAL, R$ 872,73 ESTADUAL, FONTE: IBPT/EMPRESOMETRO.COM.BR (F3W1D7).|
|0450|162|NOTA FISCAL GERADA A PARTIR DO CUPOM NR. 001183. NFE REF. AO CF NR. VALOR APROX. DOS TRIBUTOS: R$ 81,55 FEDERAL, R$ 98,85 ESTADUAL, FONTE: IBPT/EMPRESOMETRO.COM.BR (F3W1D7).|
|0450|163|NOTA FISCAL GERADA A PARTIR DO CUPOM NR. 001184. NFE REF. AO CF NR. VALOR APROX. DOS TRIBUTOS: R$ 488,52 FEDERAL, R$ 637,97 ESTADUAL, FONTE: IBPT/EMPRESOMETRO.COM.BR (F3W1D7).|
|0450|164|NOTA FISCAL GERADA A PARTIR DO CUPOM NR. 001185. NFE REF. AO CF NR. VALOR APROX. DOS TRIBUTOS: R$ 165,79 FEDERAL, R$ 167,84 ESTADUAL, FONTE: IBPT/EMPRESOMETRO.COM.BR (F3W1D7).|
|0450|165|NOTA FISCAL GERADA A PARTIR DO CUPOM NR. 001186. NFE REF. AO CF NR. VALOR APROX. DOS TRIBUTOS: R$ 193,35 FEDERAL, R$ 101,58 ESTADUAL, FONTE: IBPT/EMPRESOMETRO.COM.BR (F3W1D7).|
|0450|166|NOTA FISCAL GERADA A PARTIR DO CUPOM NR. 001187. NFE REF. AO CF NR. VALOR APROX. DOS TRIBUTOS: R$ 251,66 FEDERAL, R$ 185,66 ESTADUAL, FONTE: IBPT/EMPRESOMETRO.COM.BR (F3W1D7).|
|0450|167|NOTA FISCAL GERADA A PARTIR DO CUPOM NR. 001188. NFE REF. AO CF NR. VALOR APROX. DOS TRIBUTOS: R$ 424,86 FEDERAL, R$ 575,86 ESTADUAL, FONTE: IBPT/EMPRESOMETRO.COM.BR (F3W1D7).|
|0450|168|NOTA FISCAL GERADA A PARTIR DO CUPOM NR. 001189. NFE REF. AO CF NR. VALOR APROX. DOS TRIBUTOS: R$ 375,69 FEDERAL, R$ 408,23 ESTADUAL, FONTE: IBPT/EMPRESOMETRO.COM.BR (F3W1D7).|
|0450|169|NOTA FISCAL GERADA A PARTIR DO CUPOM NR. 001190. NFE REF. AO CF NR. VALOR APROX. DOS TRIBUTOS: R$ 167,50 FEDERAL, R$ 88,00 ESTADUAL, FONTE: IBPT/EMPRESOMETRO.COM.BR (F3W1D7).|
|0450|170|NOTA FISCAL GERADA A PARTIR DO CUPOM NR. 001191. NFE REF. AO CF NR. VALOR APROX. DOS TRIBUTOS: R$ 72,27 FEDERAL, R$ 37,97 ESTADUAL, FONTE: IBPT/EMPRESOMETRO.COM.BR (F3W1D7).|
|0450|171|NOTA FISCAL GERADA A PARTIR DO CUPOM NR. 001192. NFE REF. AO CF NR. VALOR APROX. DOS TRIBUTOS: R$ 825,35 FEDERAL, R$ 806,34 ESTADUAL, FONTE: IBPT/EMPRESOMETRO.COM.BR (F3W1D7).|
|0450|172|NOTA FISCAL GERADA A PARTIR DO CUPOM NR. 001193. NFE REF. AO CF NR. VALOR APROX. DOS TRIBUTOS: R$ 33,98 FEDERAL, R$ 41,19 ESTADUAL, FONTE: IBPT/EMPRESOMETRO.COM.BR (F3W1D7).|
|0450|173|NOTA FISCAL GERADA A PARTIR DO CUPOM NR. 001194. NFE REF. AO CF NR. VALOR APROX. DOS TRIBUTOS: R$ 231,01 FEDERAL, R$ 436,80 ESTADUAL, FONTE: IBPT/EMPRESOMETRO.COM.BR (F3W1D7).|
|0450|174|NOTA FISCAL GERADA A PARTIR DO CUPOM NR. 001195. NFE REF. AO CF NR. VALOR APROX. DOS TRIBUTOS: R$ 805,92 FEDERAL, R$ 386,21 ESTADUAL, FONTE: IBPT/EMPRESOMETRO.COM.BR (F3W1D7).|
|0450|175|NOTA FISCAL GERADA A PARTIR DO CUPOM NR. 001196. NFE REF. AO CF NR. VALOR APROX. DOS TRIBUTOS: R$ 18,95 FEDERAL, R$ 75,15 ESTADUAL, FONTE: IBPT/EMPRESOMETRO.COM.BR (F3W1D7).|
|0450|176|NOTA FISCAL GERADA A PARTIR DO CUPOM NR. 001197. NFE REF. AO CF NR. VALOR APROX. DOS TRIBUTOS: R$ 150,88 FEDERAL, R$ 79,27 ESTADUAL, FONTE: IBPT/EMPRESOMETRO.COM.BR (F3W1D7).|
|0450|177|NOTA FISCAL GERADA A PARTIR DO CUPOM NR. 001198. NFE REF. AO CF NR. VALOR APROX. DOS TRIBUTOS: R$ 1.183,91 FEDERAL, R$ 748,63 ESTADUAL, FONTE: IBPT/EMPRESOMETRO.COM.BR (F3W1D7).|
|0450|178|NOTA FISCAL GERADA A PARTIR DO CUPOM NR. 001199. NFE REF. AO CF NR. VALOR APROX. DOS TRIBUTOS: R$ 399,28 FEDERAL, R$ 415,32 ESTADUAL, FONTE: IBPT/EMPRESOMETRO.COM.BR (F3W1D7).|
|0450|179|NOTA FISCAL GERADA A PARTIR DO CUPOM NR. 001200. NFE REF. AO CF NR. VALOR APROX. DOS TRIBUTOS: R$ 175,88 FEDERAL, R$ 92,40 ESTADUAL, FONTE: IBPT/EMPRESOMETRO.COM.BR (F3W1D7).|
|0450|180|NOTA FISCAL GERADA A PARTIR DO CUPOM NR. 001201. NFE REF. AO CF NR. VALOR APROX. DOS TRIBUTOS: R$ 94,54 FEDERAL, R$ 96,92 ESTADUAL, FONTE: IBPT/EMPRESOMETRO.COM.BR (F3W1D7).|
|0450|181|NOTA FISCAL GERADA A PARTIR DO CUPOM NR. 001202. NFE REF. AO CF NR. VALOR APROX. DOS TRIBUTOS: R$ 245,00 FEDERAL, R$ 182,16 ESTADUAL, FONTE: IBPT/EMPRESOMETRO.COM.BR (F3W1D7).|
|0450|182|NOTA FISCAL GERADA A PARTIR DO CUPOM NR. 001203. NFE REF. AO CF NR. VALOR APROX. DOS TRIBUTOS: R$ 474,66 FEDERAL, R$ 320,82 ESTADUAL, FONTE: IBPT/EMPRESOMETRO.COM.BR (F3W1D7).|
|0450|183|NOTA FISCAL GERADA A PARTIR DO CUPOM NR. 001204. NFE REF. AO CF NR. VALOR APROX. DOS TRIBUTOS: R$ 80,40 FEDERAL, R$ 42,24 ESTADUAL, FONTE: IBPT/EMPRESOMETRO.COM.BR (F3W1D7).|
|0450|184|NOTA FISCAL GERADA A PARTIR DO CUPOM NR. 001205. NFE REF. AO CF NR. VALOR APROX. DOS TRIBUTOS: R$ 110,57 FEDERAL, R$ 117,55 ESTADUAL, FONTE: IBPT/EMPRESOMETRO.COM.BR (F3W1D7).|
|0450|185|NOTA FISCAL GERADA A PARTIR DO CUPOM NR. 001206. NFE REF. AO CF NR. VALOR APROX. DOS TRIBUTOS: R$ 418,28 FEDERAL, R$ 298,80 ESTADUAL, FONTE: IBPT/EMPRESOMETRO.COM.BR (F3W1D7).|
|0450|186|NOTA FISCAL GERADA A PARTIR DO CUPOM NR. 001207. NFE REF. AO CF NR. VALOR APROX. DOS TRIBUTOS: R$ 142,38 FEDERAL, R$ 74,80 ESTADUAL, FONTE: IBPT/EMPRESOMETRO.COM.BR (F3W1D7).|
|0450|187|NOTA FISCAL GERADA A PARTIR DO CUPOM NR. 001208. NFE REF. AO CF NR. VALOR APROX. DOS TRIBUTOS: R$ 324,05 FEDERAL, R$ 140,49 ESTADUAL, FONTE: IBPT/EMPRESOMETRO.COM.BR (F3W1D7).|
|0450|188|NOTA FISCAL GERADA A PARTIR DO CUPOM NR. 001209. NFE REF. AO CF NR. VALOR APROX. DOS TRIBUTOS: R$ 200,12 FEDERAL, R$ 195,43 ESTADUAL, FONTE: IBPT/EMPRESOMETRO.COM.BR (F3W1D7).|
|0450|189|NOTA FISCAL GERADA A PARTIR DO CUPOM NR. 001210. NFE REF. AO CF NR. VALOR APROX. DOS TRIBUTOS: R$ 174,50 FEDERAL, R$ 91,68 ESTADUAL, FONTE: IBPT/EMPRESOMETRO.COM.BR (F3W1D7).|
|0450|190|NOTA FISCAL GERADA A PARTIR DO CUPOM NR. 001211. NFE REF. AO CF NR. VALOR APROX. DOS TRIBUTOS: R$ 582,83 FEDERAL, R$ 504,00 ESTADUAL, FONTE: IBPT/EMPRESOMETRO.COM.BR (F3W1D7).|
|0450|191|NOTA FISCAL GERADA A PARTIR DO CUPOM NR. 001212. NFE REF. AO CF NR. VALOR APROX. DOS TRIBUTOS: R$ 644,60 FEDERAL, R$ 778,52 ESTADUAL, FONTE: IBPT/EMPRESOMETRO.COM.BR (F3W1D7).|
|0450|192|NOTA FISCAL GERADA A PARTIR DO CUPOM NR. 001213. NFE REF. AO CF NR. VALOR APROX. DOS TRIBUTOS: R$ 117,90 FEDERAL, R$ 142,92 ESTADUAL, FONTE: IBPT/EMPRESOMETRO.COM.BR (F3W1D7).|
|0450|193|NOTA FISCAL GERADA A PARTIR DO CUPOM NR. 001214. NFE REF. AO CF NR. VALOR APROX. DOS TRIBUTOS: R$ 291,25 FEDERAL, R$ 206,91 ESTADUAL, FONTE: IBPT/EMPRESOMETRO.COM.BR (F3W1D7).|
|0450|194|NOTA FISCAL GERADA A PARTIR DO CUPOM NR. 001215. NFE REF. AO CF NR. VALOR APROX. DOS TRIBUTOS: R$ 125,55 FEDERAL, R$ 165,20 ESTADUAL, FONTE: IBPT/EMPRESOMETRO.COM.BR (F3W1D7).|
|0450|195|NOTA FISCAL GERADA A PARTIR DO CUPOM NR. 001216. NFE REF. AO CF NR. VALOR APROX. DOS TRIBUTOS: R$ 1.020,31 FEDERAL, R$ 544,50 ESTADUAL, FONTE: IBPT/EMPRESOMETRO.COM.BR (F3W1D7).|
|0450|196|NOTA FISCAL GERADA A PARTIR DO CUPOM NR. 001219. NFE REF. AO CF NR. VALOR APROX. DOS TRIBUTOS: R$ 178,37 FEDERAL, R$ 185,71 ESTADUAL, FONTE: IBPT/EMPRESOMETRO.COM.BR (F3W1D7).|
|0450|197|NOTA FISCAL GERADA A PARTIR DO CUPOM NR. 001218. NFE REF. AO CF NR. VALOR APROX. DOS TRIBUTOS: R$ 142,38 FEDERAL, R$ 74,80 ESTADUAL, FONTE: IBPT/EMPRESOMETRO.COM.BR (F3W1D7).|
|0450|198|NOTA FISCAL GERADA A PARTIR DO CUPOM NR. 001217. NFE REF. AO CF NR. VALOR APROX. DOS TRIBUTOS: R$ 826,09 FEDERAL, R$ 383,43 ESTADUAL, FONTE: IBPT/EMPRESOMETRO.COM.BR (F3W1D7).|
|0450|199|NOTA FISCAL GERADA A PARTIR DO CUPOM NR. 001220. NFE REF. AO CF NR. VALOR APROX. DOS TRIBUTOS: R$ 87,92 FEDERAL, R$ 38,12 ESTADUAL, FONTE: IBPT/EMPRESOMETRO.COM.BR (F3W1D7).|
|0450|200|NOTA FISCAL GERADA A PARTIR DO CUPOM NR. 001221. NFE REF. AO CF NR. VALOR APROX. DOS TRIBUTOS: R$ 65,33 FEDERAL, R$ 34,32 ESTADUAL, FONTE: IBPT/EMPRESOMETRO.COM.BR (F3W1D7).|
|0450|201|NOTA FISCAL GERADA A PARTIR DO CUPOM NR. 001222. NFE REF. AO CF NR. VALOR APROX. DOS TRIBUTOS: R$ 138,39 FEDERAL, R$ 167,76 ESTADUAL, FONTE: IBPT/EMPRESOMETRO.COM.BR (F3W1D7).|
|0450|202|NOTA FISCAL GERADA A PARTIR DO CUPOM NR. 001223. NFE REF. AO CF NR. VALOR APROX. DOS TRIBUTOS: R$ 142,44 FEDERAL, R$ 172,66 ESTADUAL, FONTE: IBPT/EMPRESOMETRO.COM.BR (F3W1D7).|
|0450|203|NOTA FISCAL GERADA A PARTIR DO CUPOM NR. 001224. NFE REF. AO CF NR. VALOR APROX. DOS TRIBUTOS: R$ 1.063,55 FEDERAL, R$ 569,78 ESTADUAL, FONTE: IBPT/EMPRESOMETRO.COM.BR (F3W1D7).|
|0450|204|NOTA FISCAL GERADA A PARTIR DO CUPOM NR. 001225. NFE REF. AO CF NR. VALOR APROX. DOS TRIBUTOS: R$ 234,86 FEDERAL, R$ 284,69 ESTADUAL, FONTE: IBPT/EMPRESOMETRO.COM.BR (F3W1D7).|
|0450|205|NOTA FISCAL GERADA A PARTIR DO CUPOM NR. 001226. NFE REF. AO CF NR. VALOR APROX. DOS TRIBUTOS: R$ 215,93 FEDERAL, R$ 261,74 ESTADUAL, FONTE: IBPT/EMPRESOMETRO.COM.BR (F3W1D7).|
|0450|206|NOTA FISCAL GERADA A PARTIR DO CUPOM NR. 001227. NFE REF. AO CF NR. VALOR APROX. DOS TRIBUTOS: R$ 60,86 FEDERAL, R$ 37,79 ESTADUAL, FONTE: IBPT/EMPRESOMETRO.COM.BR (F3W1D7).|
|0450|207|NOTA FISCAL GERADA A PARTIR DO CUPOM NR. 001228. NFE REF. AO CF NR. VALOR APROX. DOS TRIBUTOS: R$ 511,53 FEDERAL, R$ 394,29 ESTADUAL, FONTE: IBPT/EMPRESOMETRO.COM.BR (F3W1D7).|
|0450|208|NOTA FISCAL GERADA A PARTIR DO CUPOM NR. 001229. NFE REF. AO CF NR. VALOR APROX. DOS TRIBUTOS: R$ 343,31 FEDERAL, R$ 279,60 ESTADUAL, FONTE: IBPT/EMPRESOMETRO.COM.BR (F3W1D7).|
|0450|209|NOTA FISCAL GERADA A PARTIR DO CUPOM NR. 001230. NFE REF. AO CF NR. VALOR APROX. DOS TRIBUTOS: R$ 178,37 FEDERAL, R$ 185,71 ESTADUAL, FONTE: IBPT/EMPRESOMETRO.COM.BR (F3W1D7).|
|0450|210|NOTA FISCAL GERADA A PARTIR DO CUPOM NR. 001231. NFE REF. AO CF NR. VALOR APROX. DOS TRIBUTOS: R$ 72,14 FEDERAL, R$ 103,77 ESTADUAL, FONTE: IBPT/EMPRESOMETRO.COM.BR (F3W1D7).|
|0450|211|NOTA FISCAL GERADA A PARTIR DO CUPOM NR. 001232. NFE REF. AO CF NR. VALOR APROX. DOS TRIBUTOS: R$ 309,71 FEDERAL, R$ 375,41 ESTADUAL, FONTE: IBPT/EMPRESOMETRO.COM.BR (F3W1D7).|
|0450|212|NOTA FISCAL GERADA A PARTIR DO CUPOM NR. 001233. NFE REF. AO CF NR. VALOR APROX. DOS TRIBUTOS: R$ 32,28 FEDERAL, R$ 39,13 ESTADUAL, FONTE: IBPT/EMPRESOMETRO.COM.BR (F3W1D7).|
|0450|213|NOTA FISCAL GERADA A PARTIR DO CUPOM NR. 001234. NFE REF. AO CF NR. VALOR APROX. DOS TRIBUTOS: R$ 323,52 FEDERAL, R$ 491,02 ESTADUAL, FONTE: IBPT/EMPRESOMETRO.COM.BR (F3W1D7).|
|0450|214|NOTA FISCAL GERADA A PARTIR DO CUPOM NR. 001235. NFE REF. AO CF NR. VALOR APROX. DOS TRIBUTOS: R$ 990,46 FEDERAL, R$ 521,30 ESTADUAL, FONTE: IBPT/EMPRESOMETRO.COM.BR (F3W1D7).|
|0450|215|NOTA FISCAL GERADA A PARTIR DO CUPOM NR. 001236. NFE REF. AO CF NR. VALOR APROX. DOS TRIBUTOS: R$ 338,11 FEDERAL, R$ 433,26 ESTADUAL, FONTE: IBPT/EMPRESOMETRO.COM.BR (F3W1D7).|
|0450|216|NOTA FISCAL GERADA A PARTIR DO CUPOM NR. 001237. NFE REF. AO CF NR. VALOR APROX. DOS TRIBUTOS: R$ 248,69 FEDERAL, R$ 107,81 ESTADUAL, FONTE: IBPT/EMPRESOMETRO.COM.BR (F3W1D7).|
|0450|217|NOTA FISCAL GERADA A PARTIR DO CUPOM NR. 001238. NFE REF. AO CF NR. VALOR APROX. DOS TRIBUTOS: R$ 58,49 FEDERAL, R$ 114,35 ESTADUAL, FONTE: IBPT/EMPRESOMETRO.COM.BR (F3W1D7).|
|0450|218|NOTA FISCAL GERADA A PARTIR DO CUPOM NR. 001239. NFE REF. AO CF NR. VALOR APROX. DOS TRIBUTOS: R$ 289,00 FEDERAL, R$ 391,20 ESTADUAL, FONTE: IBPT/EMPRESOMETRO.COM.BR (F3W1D7).|
|0450|219|NOTA FISCAL GERADA A PARTIR DO CUPOM NR. 001240. NFE REF. AO CF NR. VALOR APROX. DOS TRIBUTOS: R$ 93,38 FEDERAL, R$ 122,87 ESTADUAL,|
|0450|220|NOTA FISCAL GERADA A PARTIR DO CUPOM NR. 001241. NFE REF. AO CF NR.|
|0450|221|NOTA FISCAL GERADA A PARTIR DO CUPOM NR. 001242. NFE REF. AO CF NR. VALOR APROX. DOS TRIBUTOS: R$ 163,10 FEDERAL, R$ 197,70 ESTADUAL, FONTE: IBPT/EMPRESOMETRO.COM.BR (F3W1D7).|
|0450|222|NOTA FISCAL GERADA A PARTIR DO CUPOM NR. 001243. NFE REF. AO CF NR. VALOR APROX. DOS TRIBUTOS: R$ 286,11 FEDERAL, R$ 150,32 ESTADUAL, FONTE: IBPT/EMPRESOMETRO.COM.BR (F3W1D7).|
|0450|223|NOTA FISCAL GERADA A PARTIR DO CUPOM NR. 001244. NFE REF. AO CF NR. VALOR APROX. DOS TRIBUTOS: R$ 1.352,42 FEDERAL, R$ 729,00 ESTADUAL, FONTE: IBPT/EMPRESOMETRO.COM.BR (F3W1D7).|
|0450|224|NOTA FISCAL GERADA A PARTIR DO CUPOM NR. 001245. NFE REF. AO CF NR. VALOR APROX. DOS TRIBUTOS: R$ 142,38 FEDERAL, R$ 74,80 ESTADUAL, FONTE: IBPT/EMPRESOMETRO.COM.BR (F3W1D7).|
|0450|225|NOTA FISCAL GERADA A PARTIR DO CUPOM NR. 001246. NFE REF. AO CF NR. VALOR APROX. DOS TRIBUTOS: R$ 208,18 FEDERAL, R$ 384,29 ESTADUAL, FONTE: IBPT/EMPRESOMETRO.COM.BR (F3W1D7).|
|0450|226|NOTA FISCAL GERADA A PARTIR DO CUPOM NR. 001247. NFE REF. AO CF NR. VALOR APROX. DOS TRIBUTOS: R$ 121,94 FEDERAL, R$ 64,06 ESTADUAL, FONTE: IBPT/EMPRESOMETRO.COM.BR (F3W1D7).|
|0450|227|NOTA FISCAL GERADA A PARTIR DO CUPOM NR. 001248. NFE REF. AO CF NR.|
|0450|228|NOTA FISCAL GERADA A PARTIR DO CUPOM NR. 001249. NFE REF. AO CF NR. VALOR APROX. DOS TRIBUTOS: R$ 63,65 FEDERAL, R$ 33,44 ESTADUAL, FONTE: IBPT/EMPRESOMETRO.COM.BR (F3W1D7).|
|0450|229|NOTA FISCAL GERADA A PARTIR DO CUPOM NR. 001250. NFE REF. AO CF NR. VALOR APROX. DOS TRIBUTOS: R$ 209,38 FEDERAL, R$ 110,00 ESTADUAL, FONTE: IBPT/EMPRESOMETRO.COM.BR (F3W1D7).|
|0450|230|NOTA FISCAL GERADA A PARTIR DO CUPOM NR. 001251. NFE REF. AO CF NR. VALOR APROX. DOS TRIBUTOS: R$ 192,51 FEDERAL, R$ 273,60 ESTADUAL, FONTE: IBPT/EMPRESOMETRO.COM.BR (F3W1D7).|
|0450|231|NOTA FISCAL GERADA A PARTIR DO CUPOM NR. 001252. NFE REF. AO CF NR. VALOR APROX. DOS TRIBUTOS: R$ 1.185,24 FEDERAL, R$ 550,65 ESTADUAL, FONTE: IBPT/EMPRESOMETRO.COM.BR (F3W1D7).|
|0450|232|NOTA FISCAL GERADA A PARTIR DO CUPOM NR. 001253. NFE REF. AO CF NR. VALOR APROX. DOS TRIBUTOS: R$ 149,87 FEDERAL, R$ 78,74 ESTADUAL, FONTE: IBPT/EMPRESOMETRO.COM.BR (F3W1D7).|
|0450|233|NOTA FISCAL GERADA A PARTIR DO CUPOM NR. 001254. NFE REF. AO CF NR. VALOR APROX. DOS TRIBUTOS: R$ 390,39 FEDERAL, R$ 492,65 ESTADUAL, FONTE: IBPT/EMPRESOMETRO.COM.BR (F3W1D7).|
|0450|234|NOTA FISCAL GERADA A PARTIR DO CUPOM NR. 001255. NFE REF. AO CF NR. VALOR APROX. DOS TRIBUTOS: R$ 187,62 FEDERAL, R$ 346,34 ESTADUAL, FONTE: IBPT/EMPRESOMETRO.COM.BR (F3W1D7).|
|0450|235|NOTA FISCAL GERADA A PARTIR DO CUPOM NR. 001256. NFE REF. AO CF NR. VALOR APROX. DOS TRIBUTOS: R$ 214,20 FEDERAL, R$ 395,40 ESTADUAL, FONTE: IBPT/EMPRESOMETRO.COM.BR (F3W1D7).|
|0450|236|NOTA FISCAL GERADA A PARTIR DO CUPOM NR. 001257. NFE REF. AO CF NR. VALOR APROX. DOS TRIBUTOS: R$ 1.757,32 FEDERAL, R$ 2.130,12 ESTADUAL, FONTE: IBPT/EMPRESOMETRO.COM.BR (F3W1D7).|
|0450|237|NOTA FISCAL GERADA A PARTIR DO CUPOM NR. 001258. NFE REF. AO CF NR.|
|0450|238|NOTA FISCAL GERADA A PARTIR DO CUPOM NR. 001259. NFE REF. AO CF NR. VALOR APROX. DOS TRIBUTOS: R$ 68,53 FEDERAL, R$ 98,58 ESTADUAL, FONTE: IBPT/EMPRESOMETRO.COM.BR (F3W1D7).|
|0450|239|NOTA FISCAL GERADA A PARTIR DO CUPOM NR. 001260. NFE REF. AO CF NR. VALOR APROX. DOS TRIBUTOS: R$ 1.499,33 FEDERAL, R$ 1.817,39 ESTADUAL, FONTE: IBPT/EMPRESOMETRO.COM.BR (F3W1D7).|
|0450|240|NOTA REFERENCIADA 23181208318220000170550010001822461321170265|
|0450|241|NOTA FISCAL GERADA A PARTIR DO CUPOM NR. 001261. NFE REF. AO CF NR. VALOR APROX. DOS TRIBUTOS: R$ 377,24 FEDERAL, R$ 198,19 ESTADUAL, FONTE: IBPT/EMPRESOMETRO.COM.BR (F3W1D7).|
|0450|242|NOTA FISCAL GERADA A PARTIR DO CUPOM NR. 001262. NFE REF. AO CF NR. VALOR APROX. DOS TRIBUTOS: R$ 979,83 FEDERAL, R$ 433,95 ESTADUAL, FONTE: IBPT/EMPRESOMETRO.COM.BR (F3W1D7).|
|0450|243|NOTA FISCAL GERADA A PARTIR DO CUPOM NR. 001263. NFE REF. AO CF NR. VALOR APROX. DOS TRIBUTOS: R$ 47,82 FEDERAL, R$ 57,97 ESTADUAL, FONTE: IBPT/EMPRESOMETRO.COM.BR (F3W1D7).|
|0450|244|NOTA FISCAL GERADA A PARTIR DO CUPOM NR. 001264. NFE REF. AO CF NR. VALOR APROX. DOS TRIBUTOS: R$ 406,39 FEDERAL, R$ 435,60 ESTADUAL, FONTE: IBPT/EMPRESOMETRO.COM.BR (F3W1D7).|
|0450|245|NOTA FISCAL GERADA A PARTIR DO CUPOM NR. 001265. NFE REF. AO CF NR. VALOR APROX. DOS TRIBUTOS: R$ 85,88 FEDERAL, R$ 113,00 ESTADUAL, FONTE: IBPT/EMPRESOMETRO.COM.BR (F3W1D7).|
|0450|246|NOTA FISCAL GERADA A PARTIR DO CUPOM NR. 001266. NFE REF. AO CF NR. VALOR APROX. DOS TRIBUTOS: R$ 104,55 FEDERAL, R$ 54,93 ESTADUAL, FONTE: IBPT/EMPRESOMETRO.COM.BR (F3W1D7).|
|0450|247|NOTA FISCAL GERADA A PARTIR DO CUPOM NR. 001267. NFE REF. AO CF NR. VALOR APROX. DOS TRIBUTOS: R$ 1.400,72 FEDERAL, R$ 945,24 ESTADUAL, FONTE: IBPT/EMPRESOMETRO.COM.BR (F3W1D7).|
|0450|248|NOTA FISCAL GERADA A PARTIR DO CUPOM NR. 001268. NFE REF. AO CF NR. VALOR APROX. DOS TRIBUTOS: R$ 110,57 FEDERAL, R$ 117,55 ESTADUAL, FONTE: IBPT/EMPRESOMETRO.COM.BR (F3W1D7).|
|0450|249|NOTA FISCAL GERADA A PARTIR DO CUPOM NR. 001269. NFE REF. AO CF NR. VALOR APROX. DOS TRIBUTOS: R$ 105,10 FEDERAL, R$ 95,62 ESTADUAL, FONTE: IBPT/EMPRESOMETRO.COM.BR (F3W1D7).|
|0450|250|NOTA FISCAL GERADA A PARTIR DO CUPOM NR. 001270. NFE REF. AO CF NR. VALOR APROX. DOS TRIBUTOS: R$ 174,50 FEDERAL, R$ 91,68 ESTADUAL, FONTE: IBPT/EMPRESOMETRO.COM.BR (F3W1D7).|
|0450|251|NOTA FISCAL GERADA A PARTIR DO CUPOM NR. 001271. NFE REF. AO CF NR. VALOR APROX. DOS TRIBUTOS: R$ 68,65 FEDERAL, R$ 36,07 ESTADUAL, FONTE: IBPT/EMPRESOMETRO.COM.BR (F3W1D7).|
|0450|252|NOTA FISCAL GERADA A PARTIR DO CUPOM NR. 001272. NFE REF. AO CF NR. VALOR APROX. DOS TRIBUTOS: R$ 356,71 FEDERAL, R$ 286,64 ESTADUAL, FONTE: IBPT/EMPRESOMETRO.COM.BR (F3W1D7).|
|0450|253|NOTA FISCAL GERADA A PARTIR DO CUPOM NR. 001273. NFE REF. AO CF NR. VALOR APROX. DOS TRIBUTOS: R$ 167,80 FEDERAL, R$ 309,81 ESTADUAL, FONTE: IBPT/EMPRESOMETRO.COM.BR (F3W1D7).|
|0450|254|NOTA FISCAL GERADA A PARTIR DO CUPOM NR. 001274. NFE REF. AO CF NR. VALOR APROX. DOS TRIBUTOS: R$ 39,40 FEDERAL, R$ 61,04 ESTADUAL, FONTE: IBPT/EMPRESOMETRO.COM.BR (F3W1D7).|
|0450|255|NOTA FISCAL GERADA A PARTIR DO CUPOM NR. 001275. NFE REF. AO CF NR. VALOR APROX. DOS TRIBUTOS: R$ 1.082,74 FEDERAL, R$ 1.020,21 ESTADUAL, FONTE: IBPT/EMPRESOMETRO.COM.BR (F3W1D7).|
|0450|256|NOTA FISCAL GERADA A PARTIR DO CUPOM NR. 001276. NFE REF. AO CF NR. VALOR APROX. DOS TRIBUTOS: R$ 1.079,35 FEDERAL, R$ 508,07 ESTADUAL, FONTE: IBPT/EMPRESOMETRO.COM.BR (F3W1D7).|
|0450|257|NOTA FISCAL GERADA A PARTIR DO CUPOM NR. 001277. NFE REF. AO CF NR. VALOR APROX. DOS TRIBUTOS: R$ 206,76 FEDERAL, R$ 319,97 ESTADUAL, FONTE: IBPT/EMPRESOMETRO.COM.BR (F3W1D7).|
|0450|258|NOTA FISCAL GERADA A PARTIR DO CUPOM NR. 001278. NFE REF. AO CF NR. VALOR APROX. DOS TRIBUTOS: R$ 489,80 FEDERAL, R$ 461,81 ESTADUAL, FONTE: IBPT/EMPRESOMETRO.COM.BR (F3W1D7).|
|0450|259|NOTA FISCAL GERADA A PARTIR DO CUPOM NR. 001279. NFE REF. AO CF NR. VALOR APROX. DOS TRIBUTOS: R$ 285,01 FEDERAL, R$ 243,18 ESTADUAL, FONTE: IBPT/EMPRESOMETRO.COM.BR (F3W1D7).|
|0450|260|NOTA FISCAL GERADA A PARTIR DO CUPOM NR. 001280. NFE REF. AO CF NR. VALOR APROX. DOS TRIBUTOS: R$ 1.421,68 FEDERAL, R$ 1.026,22 ESTADUAL, FONTE: IBPT/EMPRESOMETRO.COM.BR (F3W1D7).|
|0450|261|NOTA FISCAL GERADA A PARTIR DO CUPOM NR. 001281. NFE REF. AO CF NR. VALOR APROX. DOS TRIBUTOS: R$ 50,13 FEDERAL, R$ 198,80 ESTADUAL, FONTE: IBPT/EMPRESOMETRO.COM.BR (F3W1D7).|
|0450|262|NOTA FISCAL GERADA A PARTIR DO CUPOM NR. 001282. NFE REF. AO CF NR. VALOR APROX. DOS TRIBUTOS: R$ 502,80 FEDERAL, R$ 666,20 ESTADUAL, FONTE: IBPT/EMPRESOMETRO.COM.BR (F3W1D7).|
|0450|263|NOTA FISCAL GERADA A PARTIR DO CUPOM NR. 001283. NFE REF. AO CF NR. VALOR APROX. DOS TRIBUTOS: R$ 68,65 FEDERAL, R$ 36,07 ESTADUAL, FONTE: IBPT/EMPRESOMETRO.COM.BR (F3W1D7).|
|0450|264|NOTA FISCAL GERADA A PARTIR DO CUPOM NR. 001284. NFE REF. AO CF NR. VALOR APROX. DOS TRIBUTOS: R$ 291,46 FEDERAL, R$ 153,12 ESTADUAL, FONTE: IBPT/EMPRESOMETRO.COM.BR (F3W1D7).|
|0450|265|NOTA FISCAL GERADA A PARTIR DO CUPOM NR. 001285. NFE REF. AO CF NR. VALOR APROX. DOS TRIBUTOS: R$ 346,69 FEDERAL, R$ 162,76 ESTADUAL, FONTE: IBPT/EMPRESOMETRO.COM.BR (F3W1D7).|
|0450|266|NOTA FISCAL GERADA A PARTIR DO CUPOM NR. 001286. NFE REF. AO CF NR. VALOR APROX. DOS TRIBUTOS: R$ 346,66 FEDERAL, R$ 323,93 ESTADUAL, FONTE: IBPT/EMPRESOMETRO.COM.BR (F3W1D7).|
|0450|267|NOTA FISCAL GERADA A PARTIR DO CUPOM NR. 001287. NFE REF. AO CF NR. VALOR APROX. DOS TRIBUTOS: R$ 204,55 FEDERAL, R$ 194,37 ESTADUAL, FONTE: IBPT/EMPRESOMETRO.COM.BR (F3W1D7).|
|0450|268|NOTA FISCAL GERADA A PARTIR DO CUPOM NR. 001288. NFE REF. AO CF NR. VALOR APROX. DOS TRIBUTOS: R$ 354,26 FEDERAL, R$ 296,11 ESTADUAL, FONTE: IBPT/EMPRESOMETRO.COM.BR (F3W1D7).|
|0450|269|NOTA FISCAL GERADA A PARTIR DO CUPOM NR. 001289. NFE REF. AO CF NR. VALOR APROX. DOS TRIBUTOS: R$ 247,15 FEDERAL, R$ 299,58 ESTADUAL,|
|0450|270|NOTA FISCAL GERADA A PARTIR DO CUPOM NR. 001290. NFE REF. AO CF NR. VALOR APROX. DOS TRIBUTOS: R$ 1.123,77 FEDERAL, R$ 649,89 ESTADUAL, FONTE: IBPT/EMPRESOMETRO.COM.BR (F3W1D7).|
|0450|271|NOTA FISCAL GERADA A PARTIR DO CUPOM NR. 001291. NFE REF. AO CF NR. VALOR APROX. DOS TRIBUTOS: R$ 115,41 FEDERAL, R$ 189,47 ESTADUAL, FONTE: IBPT/EMPRESOMETRO.COM.BR (F3W1D7).|
|0450|272|NOTA FISCAL GERADA A PARTIR DO CUPOM NR. 001292. NFE REF. AO CF NR. VALOR APROX. DOS TRIBUTOS: R$ 29,98 FEDERAL, R$ 29,95 ESTADUAL, FONTE: IBPT/EMPRESOMETRO.COM.BR (F3W1D7).|
|0450|273|NOTA FISCAL GERADA A PARTIR DO CUPOM NR. 001293. NFE REF. AO CF NR. VALOR APROX. DOS TRIBUTOS: R$ 609,87 FEDERAL, R$ 805,20 ESTADUAL, FONTE: IBPT/EMPRESOMETRO.COM.BR (F3W1D7).|
|0450|274|NOTA FISCAL GERADA A PARTIR DO CUPOM NR. 001294. NFE REF. AO CF NR. VALOR APROX. DOS TRIBUTOS: R$ 1.078,71 FEDERAL, R$ 570,90 ESTADUAL, FONTE: IBPT/EMPRESOMETRO.COM.BR (F3W1D7).|
|0450|275|NOTA FISCAL GERADA A PARTIR DO CUPOM NR. 001299. NFE REF. AO CF NR. VALOR APROX. DOS TRIBUTOS: R$ 552,47 FEDERAL, R$ 618,25 ESTADUAL, FONTE: IBPT/EMPRESOMETRO.COM.BR (F3W1D7).|
|0450|276|NOTA FISCAL GERADA A PARTIR DO CUPOM NR. 001300. NFE REF. AO CF NR. VALOR APROX. DOS TRIBUTOS: R$ 26,07 FEDERAL, R$ 103,40 ESTADUAL,|
|0450|277|NOTA FISCAL GERADA A PARTIR DO CUPOM NR. 001301. NFE REF. AO CF NR. VALOR APROX. DOS TRIBUTOS: R$ 52,99 FEDERAL, R$ 76,23 ESTADUAL, FONTE: IBPT/EMPRESOMETRO.COM.BR (F3W1D7).|
|0450|278|NOTA FISCAL GERADA A PARTIR DO CUPOM NR. 001302. NFE REF. AO CF NR. VALOR APROX. DOS TRIBUTOS: R$ 125,55 FEDERAL, R$ 165,20 ESTADUAL, FONTE: IBPT/EMPRESOMETRO.COM.BR (F3W1D7).|
|0450|279|NOTA FISCAL GERADA A PARTIR DO CUPOM NR. 001303. NFE REF. AO CF NR. VALOR APROX. DOS TRIBUTOS: R$ 104,55 FEDERAL, R$ 54,93 ESTADUAL, FONTE: IBPT/EMPRESOMETRO.COM.BR (F3W1D7).|
|0450|280|NOTA FISCAL GERADA A PARTIR DO CUPOM NR. 001295. NFE REF. AO CF NR. VALOR APROX. DOS TRIBUTOS: R$ 231,31 FEDERAL, R$ 202,48 ESTADUAL, FONTE: IBPT/EMPRESOMETRO.COM.BR (F3W1D7).|
|0450|281|NOTA FISCAL GERADA A PARTIR DO CUPOM NR. 001296. NFE REF. AO CF NR. VALOR APROX. DOS TRIBUTOS: R$ 94,54 FEDERAL, R$ 96,92 ESTADUAL, FONTE: IBPT/EMPRESOMETRO.COM.BR (F3W1D7).|
|0450|282|NOTA FISCAL GERADA A PARTIR DO CUPOM NR. 001297. NFE REF. AO CF NR. VALOR APROX. DOS TRIBUTOS: R$ 107,81 FEDERAL, R$ 141,85 ESTADUAL, FONTE: IBPT/EMPRESOMETRO.COM.BR (F3W1D7).|
|0450|283|NOTA FISCAL GERADA A PARTIR DO CUPOM NR. 001298. NFE REF. AO CF NR. VALOR APROX. DOS TRIBUTOS: R$ 795,71 FEDERAL, R$ 619,23 ESTADUAL, FONTE: IBPT/EMPRESOMETRO.COM.BR (F3W1D7).|
|0450|284|NOTA FISCAL GERADA A PARTIR DO CUPOM NR. 001304. NFE REF. AO CF NR. VALOR APROX. DOS TRIBUTOS: R$ 1.185,24 FEDERAL, R$ 550,65 ESTADUAL, FONTE: IBPT/EMPRESOMETRO.COM.BR (F3W1D7).|
|0450|285|NOTA FISCAL GERADA A PARTIR DO CUPOM NR. 001305. NFE REF. AO CF NR. VALOR APROX. DOS TRIBUTOS: R$ 204,53 FEDERAL, R$ 247,92 ESTADUAL, FONTE: IBPT/EMPRESOMETRO.COM.BR (F3W1D7).|
|0450|286|NOTA FISCAL GERADA A PARTIR DO CUPOM NR. 001306. NFE REF. AO CF NR. VALOR APROX. DOS TRIBUTOS: R$ 14,79 FEDERAL, R$ 30,80 ESTADUAL, FONTE: IBPT/EMPRESOMETRO.COM.BR (F3W1D7).|
|0450|287|NOTA FISCAL GERADA A PARTIR DO CUPOM NR. 001307. NFE REF. AO CF NR. VALOR APROX. DOS TRIBUTOS: R$ 23,13 FEDERAL, R$ 30,96 ESTADUAL, FONTE: IBPT/EMPRESOMETRO.COM.BR (F3W1D7).|
|0450|288|NOTA FISCAL GERADA A PARTIR DO CUPOM NR. 001308. NFE REF. AO CF NR. VALOR APROX. DOS TRIBUTOS: R$ 381,21 FEDERAL, R$ 490,82 ESTADUAL, FONTE: IBPT/EMPRESOMETRO.COM.BR (F3W1D7).|
|0450|289|NOTA FISCAL GERADA A PARTIR DO CUPOM NR. 001309. NFE REF. AO CF NR. VALOR APROX. DOS TRIBUTOS: R$ 253,09 FEDERAL, R$ 294,47 ESTADUAL, FONTE: IBPT/EMPRESOMETRO.COM.BR (F3W1D7).|
|0450|290|NOTA FISCAL GERADA A PARTIR DO CUPOM NR. 001310. NFE REF. AO CF NR. VALOR APROX. DOS TRIBUTOS: R$ 30,93 FEDERAL, R$ 64,40 ESTADUAL, FONTE: IBPT/EMPRESOMETRO.COM.BR (F3W1D7).|
|0450|291|NOTA FISCAL GERADA A PARTIR DO CUPOM NR. 001311. NFE REF. AO CF NR. VALOR APROX. DOS TRIBUTOS: R$ 68,65 FEDERAL, R$ 36,07 ESTADUAL, FONTE: IBPT/EMPRESOMETRO.COM.BR (F3W1D7).|
|0450|292|NOTA FISCAL GERADA A PARTIR DO CUPOM NR. 001312. NFE REF. AO CF NR. VALOR APROX. DOS TRIBUTOS: R$ 293,58 FEDERAL, R$ 355,86 ESTADUAL, FONTE: IBPT/EMPRESOMETRO.COM.BR (F3W1D7).|
|0450|293|NOTA FISCAL GERADA A PARTIR DO CUPOM NR. 001313. NFE REF. AO CF NR. VALOR APROX. DOS TRIBUTOS: R$ 86,44 FEDERAL, R$ 104,78 ESTADUAL, FONTE: IBPT/EMPRESOMETRO.COM.BR (F3W1D7).|
|0450|294|NOTA FISCAL GERADA A PARTIR DO CUPOM NR. 001314. NFE REF. AO CF NR. VALOR APROX. DOS TRIBUTOS: R$ 905,49 FEDERAL, R$ 566,37 ESTADUAL, FONTE: IBPT/EMPRESOMETRO.COM.BR (F3W1D7).|
|0450|295|NOTA FISCAL GERADA A PARTIR DO CUPOM NR. 001315. NFE REF. AO CF NR. VALOR APROX. DOS TRIBUTOS: R$ 222,62 FEDERAL, R$ 190,23 ESTADUAL, FONTE: IBPT/EMPRESOMETRO.COM.BR (F3W1D7).|
|0450|296|NOTA FISCAL GERADA A PARTIR DO CUPOM NR. 001316. NFE REF. AO CF NR. VALOR APROX. DOS TRIBUTOS: R$ 106,40 FEDERAL, R$ 140,00 ESTADUAL, FONTE: IBPT/EMPRESOMETRO.COM.BR (F3W1D7).|
|0450|297|NOTA FISCAL GERADA A PARTIR DO CUPOM NR. 001317. NFE REF. AO CF NR. VALOR APROX. DOS TRIBUTOS: R$ 959,94 FEDERAL, R$ 442,88 ESTADUAL, FONTE: IBPT/EMPRESOMETRO.COM.BR (F3W1D7).|
|0450|298|NOTA FISCAL GERADA A PARTIR DO CUPOM NR. 001318. NFE REF. AO CF NR. VALOR APROX. DOS TRIBUTOS: R$ 995,93 FEDERAL, R$ 1.033,75 ESTADUAL, FONTE: IBPT/EMPRESOMETRO.COM.BR (F3W1D7).|
|0450|299|NOTA FISCAL GERADA A PARTIR DO CUPOM NR. 001319. NFE REF. AO CF NR. VALOR APROX. DOS TRIBUTOS: R$ 246,33 FEDERAL, R$ 454,71 ESTADUAL, FONTE: IBPT/EMPRESOMETRO.COM.BR (F3W1D7).|
|0450|300|NOTA FISCAL GERADA A PARTIR DO CUPOM NR. 001320. NFE REF. AO CF NR. VALOR APROX. DOS TRIBUTOS: R$ 575,81 FEDERAL, R$ 368,39 ESTADUAL, FONTE: IBPT/EMPRESOMETRO.COM.BR (F3W1D7).|
|0450|301|NOTA FISCAL GERADA A PARTIR DO CUPOM NR. 001321. NFE REF. AO CF NR. VALOR APROX. DOS TRIBUTOS: R$ 1.373,64 FEDERAL, R$ 632,33 ESTADUAL, FONTE: IBPT/EMPRESOMETRO.COM.BR (F3W1D7).|
|0450|302|NOTA FISCAL GERADA A PARTIR DO CUPOM NR. 001322. NFE REF. AO CF NR. VALOR APROX. DOS TRIBUTOS: R$ 175,68 FEDERAL, R$ 364,00 ESTADUAL, FONTE: IBPT/EMPRESOMETRO.COM.BR (F3W1D7).|
|0450|303|NOTA FISCAL GERADA A PARTIR DO CUPOM NR. 001323. NFE REF. AO CF NR. VALOR APROX. DOS TRIBUTOS: R$ 61,85 FEDERAL, R$ 88,97 ESTADUAL, FONTE: IBPT/EMPRESOMETRO.COM.BR (F3W1D7).|
|0450|304|NOTA FISCAL GERADA A PARTIR DO CUPOM NR. 001324. NFE REF. AO CF NR.|
|0450|305|NOTA FISCAL GERADA A PARTIR DO CUPOM NR. 001325. NFE REF. AO CF NR. VALOR APROX. DOS TRIBUTOS: R$ 357,11 FEDERAL, R$ 279,62 ESTADUAL, FONTE: IBPT/EMPRESOMETRO.COM.BR (F3W1D7).|
|0450|306|NOTA FISCAL GERADA A PARTIR DO CUPOM NR. 001326. NFE REF. AO CF NR. VALOR APROX. DOS TRIBUTOS: R$ 128,36 FEDERAL, R$ 67,44 ESTADUAL, FONTE: IBPT/EMPRESOMETRO.COM.BR (F3W1D7).|
|0450|307|NOTA FISCAL GERADA A PARTIR DO CUPOM NR. 001327. NFE REF. AO CF NR. VALOR APROX. DOS TRIBUTOS: R$ 80,24 FEDERAL, R$ 115,43 ESTADUAL, FONTE: IBPT/EMPRESOMETRO.COM.BR (F3W1D7).|
|0450|308|NOTA FISCAL GERADA A PARTIR DO CUPOM NR. 001328. NFE REF. AO CF NR.|
|0450|309|NOTA FISCAL GERADA A PARTIR DO CUPOM NR. 001329. NFE REF. AO CF NR. VALOR APROX. DOS TRIBUTOS: R$ 281,41 FEDERAL, R$ 147,84 ESTADUAL, FONTE: IBPT/EMPRESOMETRO.COM.BR (F3W1D7).|
|0450|310|NOTA FISCAL GERADA A PARTIR DO CUPOM NR. 001330. NFE REF. AO CF NR. VALOR APROX. DOS TRIBUTOS: R$ 283,08 FEDERAL, R$ 148,72 ESTADUAL, FONTE: IBPT/EMPRESOMETRO.COM.BR (F3W1D7).|
|0450|311|NOTA FISCAL GERADA A PARTIR DO CUPOM NR. 001331. NFE REF. AO CF NR. VALOR APROX. DOS TRIBUTOS: R$ 1.531,05 FEDERAL, R$ 1.112,15 ESTADUAL, FONTE: IBPT/EMPRESOMETRO.COM.BR (F3W1D7).|
|0450|312|NOTA FISCAL GERADA A PARTIR DO CUPOM NR. 001332. NFE REF. AO CF NR. VALOR APROX. DOS TRIBUTOS: R$ 65,33 FEDERAL, R$ 34,32 ESTADUAL, FONTE: IBPT/EMPRESOMETRO.COM.BR (F3W1D7).|
|0450|313|NOTA FISCAL GERADA A PARTIR DO CUPOM NR. 001333. NFE REF. AO CF NR. VALOR APROX. DOS TRIBUTOS: R$ 587,64 FEDERAL, R$ 776,61 ESTADUAL, FONTE: IBPT/EMPRESOMETRO.COM.BR (F3W1D7).|
|0450|314|NOTA FISCAL GERADA A PARTIR DO CUPOM NR. 001334. NFE REF. AO CF NR. VALOR APROX. DOS TRIBUTOS: R$ 87,87 FEDERAL, R$ 77,76 ESTADUAL, FONTE: IBPT/EMPRESOMETRO.COM.BR (F3W1D7).|
|0450|315|NOTA FISCAL GERADA A PARTIR DO CUPOM NR. 001335. NFE REF. AO CF NR. VALOR APROX. DOS TRIBUTOS: R$ 337,17 FEDERAL, R$ 177,14 ESTADUAL, FONTE: IBPT/EMPRESOMETRO.COM.BR (F3W1D7).|
|0450|316|NOTA FISCAL GERADA A PARTIR DO CUPOM NR. 001336. NFE REF. AO CF NR. VALOR APROX. DOS TRIBUTOS: R$ 1.279,03 FEDERAL, R$ 901,99 ESTADUAL, FONTE: IBPT/EMPRESOMETRO.COM.BR (F3W1D7).|
|0450|317|NOTA FISCAL GERADA A PARTIR DO CUPOM NR. 001337. NFE REF. AO CF NR. VALOR APROX. DOS TRIBUTOS: R$ 538,25 FEDERAL, R$ 233,34 ESTADUAL, FONTE: IBPT/EMPRESOMETRO.COM.BR (F3W1D7).|
|0450|318|NOTA FISCAL GERADA A PARTIR DO CUPOM NR. 001338. NFE REF. AO CF NR. VALOR APROX. DOS TRIBUTOS: R$ 774,57 FEDERAL, R$ 362,48 ESTADUAL, FONTE: IBPT/EMPRESOMETRO.COM.BR (F3W1D7).|
|0450|319|NOTA FISCAL GERADA A PARTIR DO CUPOM NR. 001339. NFE REF. AO CF NR. VALOR APROX. DOS TRIBUTOS: R$ 304,18 FEDERAL, R$ 219,26 ESTADUAL, FONTE: IBPT/EMPRESOMETRO.COM.BR (F3W1D7).|
|0450|320|NOTA FISCAL GERADA A PARTIR DO CUPOM NR. 001340. NFE REF. AO CF NR. VALOR APROX. DOS TRIBUTOS: R$ 167,18 FEDERAL, R$ 87,83 ESTADUAL, FONTE: IBPT/EMPRESOMETRO.COM.BR (F3W1D7).|
|0450|321|NOTA FISCAL GERADA A PARTIR DO CUPOM NR. 001341. NFE REF. AO CF NR. VALOR APROX. DOS TRIBUTOS: R$ 107,81 FEDERAL, R$ 141,85 ESTADUAL, FONTE: IBPT/EMPRESOMETRO.COM.BR (F3W1D7).|
|0450|322|NOTA FISCAL GERADA A PARTIR DO CUPOM NR. 001342. NFE REF. AO CF NR. VALOR APROX. DOS TRIBUTOS: R$ 125,55 FEDERAL, R$ 165,20 ESTADUAL, FONTE: IBPT/EMPRESOMETRO.COM.BR (F3W1D7).|
|0450|323|NOTA FISCAL GERADA A PARTIR DO CUPOM NR. 001343. NFE REF. AO CF NR. VALOR APROX. DOS TRIBUTOS: R$ 440,23 FEDERAL, R$ 435,84 ESTADUAL, FONTE: IBPT/EMPRESOMETRO.COM.BR (F3W1D7).|
|0450|324|NOTA FISCAL GERADA A PARTIR DO CUPOM NR. 001344. NFE REF. AO CF NR. VALOR APROX. DOS TRIBUTOS: R$ 217,75 FEDERAL, R$ 114,40 ESTADUAL, FONTE: IBPT/EMPRESOMETRO.COM.BR (F3W1D7).|
|0450|325|NOTA FISCAL GERADA A PARTIR DO CUPOM NR. 001345. NFE REF. AO CF NR. VALOR APROX. DOS TRIBUTOS: R$ 29,39 FEDERAL, R$ 43,54 ESTADUAL, FONTE: IBPT/EMPRESOMETRO.COM.BR (F3W1D7).|
|0450|326|NOTA FISCAL GERADA A PARTIR DO CUPOM NR. 001346. NFE REF. AO CF NR. VALOR APROX. DOS TRIBUTOS: R$ 522,75 FEDERAL, R$ 484,10 ESTADUAL, FONTE: IBPT/EMPRESOMETRO.COM.BR (F3W1D7).|
|0450|327|NOTA FISCAL GERADA A PARTIR DO CUPOM NR. 001347. NFE REF. AO CF NR. VALOR APROX. DOS TRIBUTOS: R$ 214,52 FEDERAL, R$ 178,57 ESTADUAL, FONTE: IBPT/EMPRESOMETRO.COM.BR (F3W1D7).|
|0450|328|NOTA FISCAL GERADA A PARTIR DO CUPOM NR. 001348. NFE REF. AO CF NR. VALOR APROX. DOS TRIBUTOS: R$ 125,55 FEDERAL, R$ 165,20 ESTADUAL, FONTE: IBPT/EMPRESOMETRO.COM.BR (F3W1D7).|
|0450|329|NOTA FISCAL GERADA A PARTIR DO CUPOM NR. 001349. NFE REF. AO CF NR. VALOR APROX. DOS TRIBUTOS: R$ 324,05 FEDERAL, R$ 140,49 ESTADUAL, FONTE: IBPT/EMPRESOMETRO.COM.BR (F3W1D7).|
|0450|330|NOTA FISCAL GERADA A PARTIR DO CUPOM NR. 001350. NFE REF. AO CF NR. VALOR APROX. DOS TRIBUTOS: R$ 474,88 FEDERAL, R$ 624,84 ESTADUAL, FONTE: IBPT/EMPRESOMETRO.COM.BR (F3W1D7).|
|0450|331|NOTA FISCAL GERADA A PARTIR DO CUPOM NR. 001351. NFE REF. AO CF NR. VALOR APROX. DOS TRIBUTOS: R$ 339,67 FEDERAL, R$ 161,84 ESTADUAL, FONTE: IBPT/EMPRESOMETRO.COM.BR (F3W1D7).|
|0450|332|NOTA FISCAL GERADA A PARTIR DO CUPOM NR. 001352. NFE REF. AO CF NR. VALOR APROX. DOS TRIBUTOS: R$ 789,77 FEDERAL, R$ 1.035,33 ESTADUAL, FONTE: IBPT/EMPRESOMETRO.COM.BR (F3W1D7).|
|0450|333|NOTA FISCAL GERADA A PARTIR DO CUPOM NR. 001353. NFE REF. AO CF NR. VALOR APROX. DOS TRIBUTOS: R$ 905,49 FEDERAL, R$ 566,37 ESTADUAL, FONTE: IBPT/EMPRESOMETRO.COM.BR (F3W1D7).|
|0450|334|NOTA FISCAL GERADA A PARTIR DO CUPOM NR. 001354. NFE REF. AO CF NR. VALOR APROX. DOS TRIBUTOS: R$ 128,36 FEDERAL, R$ 67,44 ESTADUAL, FONTE: IBPT/EMPRESOMETRO.COM.BR (F3W1D7).|
|0450|335|NOTA FISCAL GERADA A PARTIR DO CUPOM NR. 001355. NFE REF. AO CF NR. VALOR APROX. DOS TRIBUTOS: R$ 309,89 FEDERAL, R$ 375,63 ESTADUAL, FONTE: IBPT/EMPRESOMETRO.COM.BR (F3W1D7).|
|0450|336|NOTA FISCAL GERADA A PARTIR DO CUPOM NR. 001356. NFE REF. AO CF NR. VALOR APROX. DOS TRIBUTOS: R$ 660,55 FEDERAL, R$ 790,96 ESTADUAL, FONTE: IBPT/EMPRESOMETRO.COM.BR (F3W1D7).|
|0450|337|NOTA FISCAL GERADA A PARTIR DO CUPOM NR. 001357. NFE REF. AO CF NR. VALOR APROX. DOS TRIBUTOS: R$ 488,52 FEDERAL, R$ 637,97 ESTADUAL, FONTE: IBPT/EMPRESOMETRO.COM.BR (F3W1D7).|
|0450|338|NOTA FISCAL GERADA A PARTIR DO CUPOM NR. 001358. NFE REF. AO CF NR. VALOR APROX. DOS TRIBUTOS: R$ 1.076,96 FEDERAL, R$ 649,76 ESTADUAL, FONTE: IBPT/EMPRESOMETRO.COM.BR (F3W1D7).|
|0450|339|NOTA FISCAL GERADA A PARTIR DO CUPOM NR. 001359. NFE REF. AO CF NR. VALOR APROX. DOS TRIBUTOS: R$ 138,82 FEDERAL, R$ 189,78 ESTADUAL, FONTE: IBPT/EMPRESOMETRO.COM.BR (F3W1D7).|
|0450|340|NOTA FISCAL GERADA A PARTIR DO CUPOM NR. 001360. NFE REF. AO CF NR. VALOR APROX. DOS TRIBUTOS: R$ 47,82 FEDERAL, R$ 57,97 ESTADUAL, FONTE: IBPT/EMPRESOMETRO.COM.BR (F3W1D7).|
|0450|341|NOTA FISCAL GERADA A PARTIR DO CUPOM NR. 001361. NFE REF. AO CF NR. VALOR APROX. DOS TRIBUTOS: R$ 799,60 FEDERAL, R$ 499,12 ESTADUAL, FONTE: IBPT/EMPRESOMETRO.COM.BR (F3W1D7).|
|0450|342|NOTA FISCAL GERADA A PARTIR DO CUPOM NR. 001362. NFE REF. AO CF NR. VALOR APROX. DOS TRIBUTOS: R$ 125,55 FEDERAL, R$ 165,20 ESTADUAL, FONTE: IBPT/EMPRESOMETRO.COM.BR (F3W1D7).|
|0450|343|NOTA FISCAL GERADA A PARTIR DO CUPOM NR. 001363. NFE REF. AO CF NR. VALOR APROX. DOS TRIBUTOS: R$ 196,61 FEDERAL, R$ 204,56 ESTADUAL, FONTE: IBPT/EMPRESOMETRO.COM.BR (F3W1D7).|
|0450|344|NOTA FISCAL GERADA A PARTIR DO CUPOM NR. 001364. NFE REF. AO CF NR. VALOR APROX. DOS TRIBUTOS: R$ 107,81 FEDERAL, R$ 141,85 ESTADUAL, FONTE: IBPT/EMPRESOMETRO.COM.BR (F3W1D7).|
|0450|345|NOTA FISCAL GERADA A PARTIR DO CUPOM NR. 001365. NFE REF. AO CF NR. VALOR APROX. DOS TRIBUTOS: R$ 80,24 FEDERAL, R$ 115,43 ESTADUAL, FONTE: IBPT/EMPRESOMETRO.COM.BR (F3W1D7).|
|0450|346|NOTA FISCAL GERADA A PARTIR DO CUPOM NR. 001366. NFE REF. AO CF NR. VALOR APROX. DOS TRIBUTOS: R$ 27,20 FEDERAL, R$ 12,63 ESTADUAL, FONTE: IBPT/EMPRESOMETRO.COM.BR (F3W1D7).|
|0450|347|NOTA FISCAL GERADA A PARTIR DO CUPOM NR. 001367. NFE REF. AO CF NR. VALOR APROX. DOS TRIBUTOS: R$ 552,71 FEDERAL, R$ 628,75 ESTADUAL, FONTE: IBPT/EMPRESOMETRO.COM.BR (F3W1D7).|
|0450|348|NOTA FISCAL GERADA A PARTIR DO CUPOM NR. 001368. NFE REF. AO CF NR. VALOR APROX. DOS TRIBUTOS: R$ 556,42 FEDERAL, R$ 241,22 ESTADUAL, FONTE: IBPT/EMPRESOMETRO.COM.BR (F3W1D7).|
|0450|349|NOTA FISCAL GERADA A PARTIR DO CUPOM NR. 001369. NFE REF. AO CF NR. VALOR APROX. DOS TRIBUTOS: R$ 102,14 FEDERAL, R$ 134,40 ESTADUAL, FONTE: IBPT/EMPRESOMETRO.COM.BR (F3W1D7).|
|0450|350|NOTA FISCAL GERADA A PARTIR DO CUPOM NR. 001370. NFE REF. AO CF NR. VALOR APROX. DOS TRIBUTOS: R$ 56,74 FEDERAL, R$ 44,80 ESTADUAL, FONTE: IBPT/EMPRESOMETRO.COM.BR (F3W1D7).|
|0450|351|NOTA FISCAL GERADA A PARTIR DO CUPOM NR. 001371. NFE REF. AO CF NR. VALOR APROX. DOS TRIBUTOS: R$ 668,60 FEDERAL, R$ 771,02 ESTADUAL, FONTE: IBPT/EMPRESOMETRO.COM.BR (F3W1D7).|
|0450|352|NOTA FISCAL GERADA A PARTIR DO CUPOM NR. 001372. NFE REF. AO CF NR. VALOR APROX. DOS TRIBUTOS: R$ 344,54 FEDERAL, R$ 417,63 ESTADUAL, FONTE: IBPT/EMPRESOMETRO.COM.BR (F3W1D7).|
|0450|353|NOTA FISCAL GERADA A PARTIR DO CUPOM NR. 001373. NFE REF. AO CF NR. VALOR APROX. DOS TRIBUTOS: R$ 20,17 FEDERAL, R$ 42,00 ESTADUAL, FONTE: IBPT/EMPRESOMETRO.COM.BR (F3W1D7).|
|0450|354|NOTA FISCAL GERADA A PARTIR DO CUPOM NR. 001374. NFE REF. AO CF NR. VALOR APROX. DOS TRIBUTOS: R$ 1.097,18 FEDERAL, R$ 525,12 ESTADUAL, FONTE: IBPT/EMPRESOMETRO.COM.BR (F3W1D7).|
|0450|355|NOTA FISCAL GERADA A PARTIR DO CUPOM NR. 001375. NFE REF. AO CF NR. VALOR APROX. DOS TRIBUTOS: R$ 333,20 FEDERAL, R$ 348,67 ESTADUAL, FONTE: IBPT/EMPRESOMETRO.COM.BR (F3W1D7).|
|0460|1|BOLETO 10 DIASCONTATO CLAUDIA. VALOR APROX. DOS TRIBUTOS RS 922,77 (34,06%) FONTE: IBPT|
|0460|2|SUBST. TRIBUTÁRIA SP = 522,81, DOCUMENTO EMITIDO POR ME OU EPP OPTANTE PELO SIMPLES NACIONAL (LC 123/2006); NAO GERA DIREITO A CREDITO FISCAL DE IPI; PEDIDO=000234.0 VL GNRE(ST)=R$ 522.81 *** TRIBUTOS CALCULADOS CONFORME FONTE=IBPT (5.54%) ***|
|0460|3|REF NF 37049|
|0460|4|ORDEM: 0000175721 / DOC.INT: 0000352511 - P; ISENTO DE IPI CONFORME DEC. PZFM-7.212/2010-RIPI, ART.81 INCISO I E ART.; 415 INCISO II - DCI MENSAL; ; RECLAMACAO SOBRE FALTA DE PRODUTO SO SERA ACEITA ANOTADA NO CT-E;|
|0460|5|PERMITE O APROVEITAMENTO DE CREDITO DO ICMS NO VALOR DE 35,36 CORRESPONDENTE A ALIQUOTA DE 3,10 % NOS TERMOS DO ARTIGO 23 DA LEI 123. ; ;EMPRESA OPTANTE PELO SIMPLES NACIONAL TRIB APROX R$: 183,29 FEDERAL 205,31 ESTADUAL CHAVE: D529CB FONTE: IBPT/EMP|
|0460|6|SUBST. TRIBUTÁRIA SP = 242,42, ORDEM: 0000174910 / DOC.INT: 0000351294 - P; ICMS RETIDO POR SUBSTITUIÇÃO TRIBUTÁRIA NOS TERMOS DO PROTOCOLO ICMS; 41/2008; RECLAMACAO SOBRE FALTA DE PRODUTO SO SERA ACEITA ANOTADA NO CT-E; MERCADORIA SAIRÁ DO ARMAGEM G|
|0460|7|SUBST. TRIBUTÁRIA SP = 519,26, NOSSO PEDIDO: 42907/1\NREFERENTE AO(S) SEU(S) PEDIDO(S): PED-CEQ-083-18\N\N|
|0460|8|SUBST. TRIBUTÁRIA SP = 392,34, NOSSO PEDIDO: 42907/1\NREFERENTE AO(S) SEU(S) PEDIDO(S): PED-CEQ-083-18\N\N|
|0460|9|CLIENTE: 920 - DCC OUTSOURCING// FORMA DE PGTO: BK - COBRANCA BANCARIA30/60/90/120// VENDEDOR: 10 - ADRIANO BARBOSA LIMA VARANDAS// TRANS/CARREG/PEDIDO: 105767 / 71554 / 10210516// MOTORISTA: 23-GRAVESAGUDOS// ICMS PAGO ANTERIORMENTE POS SUBST TRIBUT|
|0460|10|VENDEDOR: 0019 - MARCELO REPRESENTACOES DE ELETROELETRONI    REPRESENTANTE: 0019 - MARCELO REPRESENTACOES DE ELETROELETRONI|
|0460|11|OM 6505VENDEDOR: 0019 - MARCELO REPRESENTACOES DE ELETROELETRONI    REPRESENTANTE: 0019 - MARCELO REPRESENTACOES DE ELETROELETRONI|
|0460|12|SUBST. TRIBUTÁRIA SP = 242,42, ORDEM: 0000173691 / DOC.INT: 0000349181 - P; ICMS RETIDO POR SUBSTITUIÇÃO TRIBUTÁRIA NOS TERMOS DO PROTOCOLO ICMS; 41/2008; RECLAMACAO SOBRE FALTA DE PRODUTO SO SERA ACEITA ANOTADA NO CT-E; MERCADORIA SAIRÁ DO ARMAGEM G|
|0460|13|(CLI 60394) PRACA DE PAGAMENTO UBERLANDIA BOLETOS BANCARIOS SEGUEM ANEXADOS A ESTA NF ICMS RETIDO POR S T CFE DECRETO 30519 11|
|0460|14|DOCUMENTO EMITIDO POR ME OU EPP OPTANTE PELO SIMPLES NACIONAL (LC 123/2006); NAO GERA DIREITO A CREDITO FISCAL DE IPI; PERMITE O APROVEITAMENTO DO CREDITO DE ICMS NO VALOR DE R$ ****41,60; CORRESPONDENTE A ALIQUOTA DE *3,12 % NOS TERMOS DO ART.23 DA|
|0460|15|ORDEM: 0000176426 / DOC.INT: 0000353044 - P; ICMS NOS TERMOS DO ARTIGO 1 INCISO I ARTIGO 2 INCISO I DO RICMS-SP/2000; RECLAMACAO SOBRE FALTA DE PRODUTO SO SERA ACEITA ANOTADA NO CT-E;|
|0460|16|SUBST. TRIBUTÁRIA MG = 716,24, PRAZO: 30/60 DIAS|
|0460|17|SUBST. TRIBUTÁRIA MG = 213,34, PRAZO: 30/60 DIAS|
|0460|18|PRODUTO CONTEMPLADO COM A REDUCAO DE IPI CONFORME DECRETO N 5906 DE 26 09 06 E HABILITADO PELA PORTARIA INTERMINISTERIAL MDIC MCTI N57 DE 13 07 2017 PUBLICADA NO DOU EM 21 07 2017   VALOR APROXIMADO DOS TRIBUTOS: 283,03|
|0460|19|ATENCAO PRAZO MAXIMO P/ DEVOLUCAO ATE 7 DIAS APOS COMPRA MEDIANTE NFE PROPRIA// ICMS RETIDO POR SUBSTITUICAO TRIBUTARIA CONF. DECRETO N 30519/2011 E RET. N 00628/2018|
|0460|20|TRIB APROX R$: 120,96 (13,44%) FEDERAL E 108,00 (12,00%) ESTADUAL / FONTE: IBPT F3W1D7 ; DOCUMENTO EMITIDO POR ME OU EPP, OPTANTE PELO SIMPLES NACIONAL. NAO GERA DIREITO A CREDITO FISCAL DE ISS E IPI.|
|0460|21|SUBST. TRIBUTÁRIA SP = 330,72, VALOR APROXIMADO TOTAL DE TRIBUTOS FEDERAIS, ESTADUAIS E MUNICIPAIS: R$ 325,10, CONFORME LEI 12.741/2012PEDIDO D G 51/18 PEDIDO=006915.0 DO CLIENTE=51/18 VL GNRE(ST)=R$ 330.72 *** TRIBUTOS CALCULADOS CONFORME FONTE=IBP|
|0460|22|ORDEM: 0000172133 / DOC.INT: 0000345304 - P; A/C DE DANIEL; ICMS NOS TERMOS DO ARTIGO 1 INCISO I ARTIGO 2 INCISO I DO RICMS-SP/2000; IPI NOS TERMOS DO ART 35 INCISO II ART 36 INCISO II DO RIPI/2010; RECLAMACAO SOBRE FALTA DE PRODUTO SO SERA ACEITA AN|
|0460|23|SUBST. TRIBUTÁRIA SP = 495,89|
|0460|24|SUBST. TRIBUTÁRIA SP = 728,24|
|0460|25|1 :IPI REDUZIDO A "ZERO", CONFORME ARTIGO 3O, DO DECRETO 7.705 DE 26 DE MARCO DE 2012. PEDIDO FAB: 53798;;TRIB. APROX. R$ 112,56 FEDERAL E R$ 273,36 ESTADUAL. FONTE: IBPT - 6ED75L|
|0460|26|VENDEDOR: 0001 - VENDAS DIRETAS    REPRESENTANTE: 0019 - MARCELO REPRESENTACOES DE ELETROELETRONI|
|0460|27|PEDIDOS: 398566 / ** DEVOLUCOES SOMENTE SERAO ACEITAS COM PREVIA CONSULTA (54)3279-5700 ** / 0,58178 MTS CUBICOS /|
|0460|28|SUBST. TRIBUTÁRIA SP = 748,22, DOCUMENTO EMITIDO POR ME OU EPP OPTANTE PELO SIMPLES NACIONAL (LC 123/2006); NAO GERA DIREITO A CREDITO FISCAL DE IPI; PEDIDO=000271.0 VL GNRE(ST)=R$ 748.22 *** TRIBUTOS CALCULADOS CONFORME FONTE=IBPT (9.27%) ***|
|0460|29|CLIENTE: 920 - DCC OUTSOURCING// FORMA DE PGTO: BK - COBRANCA BANCARIA30/60/90/120// VENDEDOR: 10 - ADRIANO BARBOSA LIMA VARANDAS// TRANS/CARREG/PEDIDO: 107460 / 72302 / 10210629// MOTORISTA: 23-GRAVESAGUDOS// ICMS RETIDO POR ST CONFORME DECRETO 3051|
|0460|30|PRAZO: 30/60/90 / TIPO COBRANÇA: BOLETO BANCARIO / VENDEDOR: AREA INDUSTRIAL 3\R\\N\\R\\N\VALOR APROXIMADO DOS TRIBUTOS R$ 0,00\R\\N\|
|0460|31|RETORNO DE CONSERTO REFERENTE A SUA NF 38016   VALOR APROXIMADO DOS TRIBUTOS: 0,00|
|0460|32|SUBST. TRIBUTÁRIA SP = 280,00, TRIB APROX R$: 940,80 (12,57%) FEDERAL E 840,00 (11,23%) ESTADUAL / FONTE: IBPT F3W1D7 ; DOCUMENTO EMITIDO POR ME OU EPP, OPTANTE PELO SIMPLES NACIONAL. NAO GERA DIREITO A CREDITO FISCAL DE ISS E IPI.|
|0460|33|- PV.:025262|
|0460|34|CLIENTE: 920 - DCC OUTSOURCING//FORMA DE PGTO: BK - COBRANCA BANCARIA 30//VENDEDOR: 10 - ADRIANO BARBOSA LIMA VARANDAS//TRANS/CARREG/PEDIDO: 108223 / 72638 / 10210685//MOTORISTA: 23-GRAVES AGUDOS//REDUCAO BASE CALCULO, CONF.ART 534 Z-Z-A DO RICMS-DEC|
|0460|35|PRAZO: 30 DIAS / TIPO COBRANÇA: BOLETO BANCARIO / VENDEDOR: AREA INDUSTRIAL 3\R\\N\\R\\N\VALOR APROXIMADO DOS TRIBUTOS R$ 0,00\R\\N\|
|0460|36|SUBST. TRIBUTÁRIA SP = 72,43, NOSSO PEDIDO: 43291/1\NRETORNO REF. A SUA NFE\NRR 656/18 RETORNO 38290.\N|
|0460|37|CLIENTE: 920 - DCC OUTSOURCING// FORMA DE PGTO: BK - COBRANCA BANCARIA30// VENDEDOR: 10 - ADRIANO BARBOSA LIMA VARANDAS// TRANS/CARREG/PEDIDO: 106233 / 71756 / 10210555// MOTORISTA: 23-GRAVESAGUDOS// ICMS RETIDO POR ST CONFORME DECRETO 30519/11|
|0460|38|CLIENTE: 920 - DCC OUTSOURCING//FORMA DE PGTO: BK - COBRANCA BANCARIA 30//VENDEDOR: 10 - ADRIANO BARBOSA LIMA VARANDAS//TRANS/CARREG/PEDIDO: 108318 / 72683 / 10210690//MOTORISTA: 23-GRAVES AGUDOS//REDUCAO BASE CALCULO, CONF.ART 534 Z-Z-A DO RICMS-DEC|
|0460|39|VD: 80608980 CL: 0000951830 LD: KITS ORIG: 0425148283 PED CLI: 0098772 TRANSPORTE: 0113502417 ** TRIB APROX. TRIB. FEDERAIS R$: 105,00 TRIB. ESTADUAIS R$: 175,00 TRIB. MUNICIPAIS R$: 0,00 FONTE IBPT D529CB IMPOSTOS: FISCAL@BRF-BR.COM **** PREZADO CLI|
|0460|40|PEDIDO=008621.0 *** TRIBUTOS CALCULADOS CONFORME FONTE=IBPT (28.53%) ***|
|0460|41|VAL APRX DOS TRIB. FED. R$ 54.38(10.56%), TRIB. EST. R$ 144.20(28.00%), TRIB. MUNI. R$ 0.00( 0.00%) FONTE: IBPT REF: NPV F01/5025516 - (*) ICMS RETIDO POR SUBSTITUICAO TRIBUTARIA CONFORME DECRETO 31066 / 2012 PAGAMENTO EFETUADO EM BOLETO BANCARIO: 1|
|0460|42|VALOR CREDITO.:// END. ENT.:MANDAR DEIXAR., SOLICITADO PELA SRA. CLAUDIA.,// N PEDIDO.:9094004347 N PED CLIENTE.:// REDUCAO BASE CALCULO, CONF.ART 534 Z-Z-A DO RICMS-DEC.1090-R DE 25-10-2002// ICMS COBRADO ANTERIOMENTE POR ST CONF DECRETO 29.560/2008|
|0460|43|NOTA FISCAL GERADA A PARTIR DA FATURA: 00000000006002, NO VALOR DE: R$ 363,98., SUBSTITUI O(S) DOCUMENTO(S) FISCAL(IS): 36728, 37648, 82014;|
|0460|44|NUMERO PEDIDO: 1810275 / COD. VENDEDOR: 427 / OBS.: "ENTREGAMOS PISOS E ARGAMASSAS APENAS NO PISO TERREO. NAO SUBIMOS ESTES PRODUTOS"./ PRODUTO:[ 379038 ] - ICMS RETIDO POR SUBSTITUICAO TRIBUTARIA CONFORME DECRETO N° 31270/2013. [ 511209 ] - ICMS PAG|
|0460|45|VENDEDOR 180/ SENHORES CLIENTES, EM CASO DE DEVOLUCAO DE MERCADORIAS, FAVOR OBSERVAR OS ART S 62, 672, 673, 674, 675 E 672-G DO DECRETO N. 24.569/1997 E O CONVENIO 54/2000, CONFORME O CASO. / TELE BOLETO 32 DIAS 250,00 + TX - ROCHA_VENDA / ICMS RETID|
|0460|46|CLIENTE: 920 - DCC OUTSOURCING//FORMA DE PGTO: BK - COBRANCA BANCARIA 30//VENDEDOR: 10 - ADRIANO BARBOSA LIMA VARANDAS//TRANS/CARREG/PEDIDO: 108581 / 72801 / 10210715//MOTORISTA: 23-GRAVES AGUDOS//REDUCAO BASE CALCULO, CONF.ART 534 Z-Z-A DO RICMS-DEC|
|0460|47|CLIENTE: 920 - DCC OUTSOURCING//FORMA DE PGTO: BK - COBRANCA BANCARIA 30/60/90/120//VENDEDOR: 10 - ADRIANO BARBOSA LIMA VARANDAS//TRANS/CARREG/PEDIDO: 108611 / 72816 / 10210718//MOTORISTA: 23-GRAVES AGUDOS//REDUCAO BASE CALCULO, CONF.ART 534 Z-Z-A DO|
|0460|48|CLIENTE: 920 - DCC OUTSOURCING//FORMA DE PGTO: BK - COBRANCA BANCARIA 14//VENDEDOR: 10 - ADRIANO BARBOSA LIMA VARANDAS//TRANS/CARREG/PEDIDO: 108685 / 72849 / 10210727//MOTORISTA: 23-GRAVES AGUDOS//REDUCAO BASE CALCULO, CONF.ART 534 Z-Z-A DO RICMS-DEC|
|0990|918|
|C001|0|
|C100|0|1|F00796209000103|55|00|1|113050|23181200796209000103550010001130501007493740|04122018|04122018|2709,00|1|0,00|0,00|2709,00|0|0,00|0,00|0,00|0,00|0,00|0,00|0,00|0,00|0,00|0,00|||
|C170|1|020538||1,000|UN|2707,00|0,00|1|060|1551|0000000003|0,00|0,00|0,00|0,00|0,00|0,00||||0,00|0,00|0,00||||||||||||||
|C170|2|020538||1,000|UN|1,00|0,00|1|060|1551|0000000003|0,00|0,00|0,00|0,00|0,00|0,00||||0,00|0,00|0,00||||||||||||||
|C170|3|020538||1,000|UN|1,00|0,00|1|060|1551|0000000003|0,00|0,00|0,00|0,00|0,00|0,00||||0,00|0,00|0,00||||||||||||||
|C190|060|1551|0,00|2709,00|0,00|0,00|0,00|0,00|0,00|0,00||
|C195|1||
|C100|0|0|F62361848368|55|00|4|38232|23181214045341000198550040000382321650965112|04122018|04122018|350,00|2|0,00|0,00|350,00|1|0,00|0,00|0,00|0,00|0,00|0,00|0,00|0,00|2,28|10,50|||
|C110|1||
|C190|060|1411|0,00|350,00|0,00|0,00|0,00|0,00|0,00|0,00||
|C100|0|0|F17024188391|55|00|4|38257|23181214045341000198550040000382571103588820|04122018|04122018|4900,00|2|36,53|0,00|4936,53|1|0,00|0,00|0,00|0,00|0,00|0,00|0,00|0,00|31,85|147,00|||
|C110|2||
|C190|060|1411|0,00|4900,00|0,00|0,00|0,00|0,00|0,00|0,00||
|C100|0|1|F14293193000120|55|00|1|1050|35181114293193000120550010000010501000010500|22112018|05122018|3395,57|1|0,00|0,00|2872,76|1|0,00|0,00|0,00|0,00|0,00|0,00|0,00|0,00|0,00|0,00|||
|C170|1|019449||2,000|UN|163,76|0,00|1|030|2403|0000000002|0,00|0,00|0,00|0,00|0,00|0,00||||0,00|0,00|0,00||||||||||||||
|C170|2|020663||3,000|KIT|189,00|0,00|1|030|2403|0000000002|0,00|0,00|0,00|0,00|0,00|0,00||||0,00|0,00|0,00||||||||||||||
|C170|3|020734||3,000|UN|189,00|0,00|1|030|2403|0000000002|0,00|0,00|0,00|0,00|0,00|0,00||||0,00|0,00|0,00||||||||||||||
|C170|4|020735||4,000|UN|252,00|0,00|1|030|2403|0000000002|0,00|0,00|0,00|0,00|0,00|0,00||||0,00|0,00|0,00||||||||||||||
|C170|5|020845||4,000|UN|252,00|0,00|1|030|2403|0000000002|0,00|0,00|0,00|0,00|0,00|0,00||||0,00|0,00|0,00||||||||||||||
|C170|6|020847||5,000|UN|315,00|0,00|1|030|2403|0000000002|0,00|0,00|0,00|0,00|0,00|0,00||||0,00|0,00|0,00||||||||||||||
|C170|7|020849||12,000|UN|756,00|0,00|1|030|2403|0000000002|0,00|0,00|0,00|0,00|0,00|0,00||||0,00|0,00|0,00||||||||||||||
|C170|8|020850||5,000|UN|315,00|0,00|1|030|2403|0000000002|0,00|0,00|0,00|0,00|0,00|0,00||||0,00|0,00|0,00||||||||||||||
|C170|9|020894||7,000|UN|441,00|0,00|1|030|2403|0000000002|0,00|0,00|0,00|0,00|0,00|0,00||||0,00|0,00|0,00||||||||||||||
|C190|030|2403|0,00|3395,57|0,00|0,00|0,00|0,00|0,00|0,00||
|C195|2||
|C100|0|1|F12223212000117|55|00|1|19244|52181112223212000117550010000192441914530756|20112018|05122018|5099,60|1|0,00|0,00|4636,00|0|0,00|0,00|0,00|4636,00|185,44|0,00|0,00|0,00|0,00|0,00|||
|C170|1|021239||4,000|UN|4636,00|0,00|1|100|2102|0000000002|4636,00|4,00|185,44|0,00|0,00|0,00||||0,00|0,00|0,00||||||||||||||
|C190|100|2102|4,00|5099,60|4636,00|185,44|0,00|0,00|0,00|0,00||
|C100|0|1|F12223212000117|55|00|1|19264|52181112223212000117550010000192641713388475|22112018|05122018|1944,96|1|0,00|0,00|1944,96|0|0,00|0,00|0,00|0,00|0,00|0,00|0,00|0,00|0,00|0,00|||
|C170|1|014098||1,000|UN|399,00|0,00|1|100|2102|0000000005|0,00|0,00|0,00|0,00|0,00|0,00||||0,00|0,00|0,00||||||||||||||
|C170|2|018052||1,000|UN|346,96|0,00|1|100|2102|0000000005|0,00|0,00|0,00|0,00|0,00|0,00||||0,00|0,00|0,00||||||||||||||
|C170|3|019702||1,000|UN|1199,00|0,00|1|800|2102|0000000005|0,00|0,00|0,00|0,00|0,00|0,00||||0,00|0,00|0,00||||||||||||||
|C190|100|2102|0,00|745,96|0,00|0,00|0,00|0,00|0,00|0,00||
|C190|800|2102|0,00|1199,00|0,00|0,00|0,00|0,00|0,00|0,00||
|C195|3||
|C100|0|1|F09531774000113|55|00|1|45359|35181109531774000113550010000453591002118238|23112018|05122018|1999,12|1|0,00|0,00|1816,30|0|92,00|0,00|0,00|1908,30|133,58|0,00|0,00|0,00|0,00|0,00|||
|C170|1|019424||2,000|UN|584,98|0,00|1|000|2102|0000000002|614,61|7,00|43,02|0,00|0,00|0,00||||0,00|0,00|0,00||||||||||||||
|C170|2|020613||2,000|UN|204,60|0,00|1|000|2102|0000000002|214,96|7,00|15,05|0,00|0,00|0,00||||0,00|0,00|0,00||||||||||||||
|C170|3|020808||4,000|UN|1026,72|0,00|1|000|2102|0000000002|1078,73|7,00|75,51|0,00|0,00|0,00||||0,00|0,00|0,00||||||||||||||
|C190|000|2102|7,00|1999,12|1908,30|133,58|0,00|0,00|0,00|0,00||
|C100|0|1|F05553531000125|55|00|1|46325|13181105553531000125550010000463251349191748|28112018|05122018|2832,00|1|0,00|0,00|2832,00|0|0,00|0,00|0,00|2832,00|339,84|0,00|0,00|0,00|0,00|0,00|||
|C170|1|021238||8,000|UN|2832,00|0,00|1|400|2102|0000000002|2832,00|12,00|339,84|0,00|0,00|0,00||||0,00|0,00|0,00||||||||||||||
|C190|400|2102|12,00|2832,00|2832,00|339,84|0,00|0,00|0,00|0,00||
|C195|4||
|C100|0|1|F10447479000162|55|00|1|5645|35181110447479000162550010000056451000017462|23112018|05122018|1200,60|1|0,00|0,00|1140,60|1|60,00|0,00|0,00|0,00|0,00|0,00|0,00|0,00|0,00|0,00|||
|C170|1|017346||4,000|UN|1140,60|0,00|1|560|2102|0000000002|0,00|0,00|0,00|0,00|0,00|0,00||||0,00|0,00|0,00||||||||||||||
|C190|560|2102|0,00|1200,60|0,00|0,00|0,00|0,00|0,00|0,00||
|C195|5||
|C100|0|1|F05553531000206|55|00|3|17392|35181105553531000206550030000173921942293308|22112018|05122018|1574,42|1|0,00|0,00|1332,00|0|0,00|0,00|0,00|1332,00|93,24|0,00|0,00|0,00|0,00|0,00|||
|C170|1|020447||12,000|PC|1332,00|0,00|1|010|2403|0000000002|1332,00|7,00|93,24|0,00|0,00|0,00||||0,00|0,00|0,00||||||||||||||
|C190|010|2403|7,00|1574,42|1332,00|93,24|0,00|0,00|0,00|0,00||
|C195|6||
|C100|0|1|F01859648000261|55|00|1|57528|35181101859648000261550010000575281847318194|24112018|06122018|5830,23|1|0,00|0,00|4684,40|0|0,00|0,00|0,00|4684,40|327,90|0,00|0,00|0,00|0,00|0,00|||
|C170|1|017422||5,000|UN|871,75|0,00|1|010|2403|0000000002|871,75|7,00|61,02|0,00|0,00|0,00||||0,00|0,00|0,00||||||||||||||
|C170|2|020129||4,000|UN|1488,76|0,00|1|510|2403|0000000002|1488,76|7,00|104,21|0,00|0,00|0,00||||0,00|0,00|0,00||||||||||||||
|C170|3|020563||6,000|UN|936,18|0,00|1|010|2403|0000000002|936,18|7,00|65,53|0,00|0,00|0,00||||0,00|0,00|0,00||||||||||||||
|C170|4|020843||5,000|UN|860,35|0,00|1|010|2403|0000000002|860,35|7,00|60,22|0,00|0,00|0,00||||0,00|0,00|0,00||||||||||||||
|C170|5|020864||16,000|UN|527,36|0,00|1|510|2403|0000000002|527,36|7,00|36,92|0,00|0,00|0,00||||0,00|0,00|0,00||||||||||||||
|C190|010|2403|7,00|3320,96|2668,28|186,77|0,00|0,00|0,00|0,00||
|C190|510|2403|7,00|2509,27|2016,12|141,13|0,00|0,00|0,00|0,00||
|C195|7||
|C195|8||
|C100|0|0|F11306491304|55|00|4|38309|23181214045341000198550040000383091726205838|07122018|07122018|300,00|2|0,00|0,00|300,00|1|0,00|0,00|0,00|0,00|0,00|0,00|0,00|0,00|1,95|9,00|||
|C110|3||
|C190|060|1411|0,00|300,00|0,00|0,00|0,00|0,00|0,00|0,00||
|C100|0|1|F19335263000180|55|00|001|000003613|32181119335263000180550010000036131000746455|22112018|10122018|4545,84|1|0,00|0,00|4263,84|0|282,00|0,00|0,00|4263,84|511,67|0,00|0,00|0,00|0,00|0,00|||
|C170|1|020821||3,000|UN|1496,88|0,00|1|000|2102|0000000001|1496,88|12,00|179,63|0,00|0,00|0,00||||0,00|0,00|0,00||||||||||||||
|C170|2|021121||3,000|UN|1496,88|0,00|1|000|2102|0000000001|1496,88|12,00|179,63|0,00|0,00|0,00||||0,00|0,00|0,00||||||||||||||
|C170|3|021133||2,000|UN|1270,08|0,00|1|000|2102|0000000001|1270,08|12,00|152,41|0,00|0,00|0,00||||0,00|0,00|0,00||||||||||||||
|C190|000|2102|12,00|4545,84|4263,84|511,67|0,00|0,00|0,00|0,00||
|C100|0|1|F07044297000136|55|00|1|110426|23181207044297000136550010001104261111008128|08122018|10122018|7736,30|1|0,00|0,00|7361,33|2|0,00|0,00|0,00|0,00|0,00|0,00|0,00|0,00|0,00|0,00|||
|C170|1|020197||1,000|UN|126,01|0,00|1|160|2403|0000000002|0,00|0,00|0,00|0,00|0,00|0,00||||0,00|0,00|0,00||||||||||||||
|C170|2|020198||1,000|UN|69,03|0,00|1|160|2403|0000000002|0,00|0,00|0,00|0,00|0,00|0,00||||0,00|0,00|0,00||||||||||||||
|C170|3|020201||1,000|UN|232,34|0,00|1|160|2403|0000000002|0,00|0,00|0,00|0,00|0,00|0,00||||0,00|0,00|0,00||||||||||||||
|C170|4|020202||5,000|UN|1051,57|0,00|1|160|2403|0000000002|0,00|0,00|0,00|0,00|0,00|0,00||||0,00|0,00|0,00||||||||||||||
|C170|5|020206||5,000|UN|354,67|0,00|1|160|2403|0000000002|0,00|0,00|0,00|0,00|0,00|0,00||||0,00|0,00|0,00||||||||||||||
|C170|6|020210||10,000|UN|894,00|0,00|1|160|2403|0000000002|0,00|0,00|0,00|0,00|0,00|0,00||||0,00|0,00|0,00||||||||||||||
|C170|7|020213||10,000|UN|2205,14|0,00|1|160|2403|0000000002|0,00|0,00|0,00|0,00|0,00|0,00||||0,00|0,00|0,00||||||||||||||
|C170|8|020495||30,000|KIT|2428,57|0,00|1|160|2403|0000000002|0,00|0,00|0,00|0,00|0,00|0,00||||0,00|0,00|0,00||||||||||||||
|C190|160|2403|0,00|7736,30|0,00|0,00|0,00|0,00|0,00|0,00||
|C195|9||
|C100|0|1|F03280060000101|55|00|1|59240|42181103280060000101550010000592401191069446|28112018|10122018|4455,00|1|0,00|0,00|4050,00|0|0,00|0,00|0,00|4050,00|283,50|0,00|0,00|0,00|0,00|0,00|||
|C170|1|020762||30,000|UN|4050,00|0,00|1|000|2102|0000000002|4050,00|7,00|283,50|0,00|0,00|0,00||||0,00|0,00|0,00||||||||||||||
|C190|000|2102|7,00|4455,00|4050,00|283,50|0,00|0,00|0,00|0,00||
|C195|10||
|C100|0|1|F03280060000101|55|00|1|59261|42181103280060000101550010000592611564643436|29112018|10122018|5024,00|1|0,00|0,00|4390,00|0|0,00|0,00|0,00|4390,00|248,80|0,00|0,00|0,00|0,00|0,00|||
|C170|1|017749||20,000|UN|2440,00|0,00|1|500|2102|0000000002|2440,00|7,00|170,80|0,00|0,00|0,00||||0,00|0,00|0,00||||||||||||||
|C170|2|020223||50,000|UN|1950,00|0,00|1|100|2102|0000000002|1950,00|4,00|78,00|0,00|0,00|0,00||||0,00|0,00|0,00||||||||||||||
|C190|100|2102|4,00|2340,00|1950,00|78,00|0,00|0,00|0,00|0,00||
|C190|500|2102|7,00|2684,00|2440,00|170,80|0,00|0,00|0,00|0,00||
|C195|11||
|C100|0|1|F05553531000206|55|00|3|17167|35181105553531000206550030000171671812199863|19112018|10122018|1574,42|1|0,00|0,00|1332,00|0|0,00|0,00|0,00|1332,00|93,24|0,00|0,00|0,00|0,00|0,00|||
|C170|1|020447||12,000|PC|1332,00|0,00|1|010|2403|0000000002|1332,00|7,00|93,24|0,00|0,00|0,00||||0,00|0,00|0,00||||||||||||||
|C190|010|2403|7,00|1574,42|1332,00|93,24|0,00|0,00|0,00|0,00||
|C195|12||
|C100|0|0|F44508310397|55|00|4|38320|23181214045341000198550040000383201531804764|10122018|10122018|1700,00|2|0,00|0,00|1700,00|1|0,00|0,00|0,00|0,00|0,00|0,00|0,00|0,00|11,05|51,00|||
|C110|4||
|C190|060|1411|0,00|1700,00|0,00|0,00|0,00|0,00|0,00|0,00||
|C100|0|1|F25630302001901|55|00|1|345695|23181225630302001901550010003456951087893752|11122018|11122018|400,44|1|0,00|0,00|398,84|0|0,00|0,00|1,60|0,00|0,00|0,00|0,00|0,00|0,00|0,00|||
|C170|1|019040||2,000|UN|398,84|0,00|1|060|1406|0000000002|0,00|0,00|0,00|0,00|0,00|0,00||||0,00|0,00|0,00||||||||||||||
|C190|060|1406|0,00|400,44|0,00|0,00|0,00|0,00|0,00|0,00||
|C195|13||
|C100|0|1|F15363886000105|55|00|1|3498|35181115363886000105550010000034981000034989|26112018|11122018|1333,43|1|0,00|0,00|1333,43|1|0,00|0,00|0,00|0,00|0,00|0,00|0,00|0,00|0,00|0,00|||
|C170|1|021241||1,000|UN|58,65|0,00|1|060|2102|0000000002|0,00|0,00|0,00|0,00|0,00|0,00||||0,00|0,00|0,00||||||||||||||
|C170|2|021242||1,000|UN|71,88|0,00|1|060|2102|0000000002|0,00|0,00|0,00|0,00|0,00|0,00||||0,00|0,00|0,00||||||||||||||
|C170|3|021243||2,000|UN|165,60|0,00|1|060|2102|0000000002|0,00|0,00|0,00|0,00|0,00|0,00||||0,00|0,00|0,00||||||||||||||
|C170|4|021245||2,000|UN|174,80|0,00|1|060|2102|0000000002|0,00|0,00|0,00|0,00|0,00|0,00||||0,00|0,00|0,00||||||||||||||
|C170|5|021247||5,000|UN|391,00|0,00|1|060|2102|0000000002|0,00|0,00|0,00|0,00|0,00|0,00||||0,00|0,00|0,00||||||||||||||
|C170|6|021248||5,000|UN|471,50|0,00|1|060|2102|0000000002|0,00|0,00|0,00|0,00|0,00|0,00||||0,00|0,00|0,00||||||||||||||
|C190|060|2102|0,00|1333,43|0,00|0,00|0,00|0,00|0,00|0,00||
|C195|14||
|C100|0|1|F07319224000100|55|00|1|59141|23181207319224000100550010000591411588476625|10122018|11122018|270,00|1|0,00|0,00|270,00|2|0,00|0,00|0,00|0,00|0,00|0,00|0,00|0,00|0,00|0,00|||
|C170|1|019077||2,000|UN|270,00|0,00|1|060|2403|0000000002|0,00|0,00|0,00|0,00|0,00|0,00||||0,00|0,00|0,00||||||||||||||
|C190|060|2403|0,00|270,00|0,00|0,00|0,00|0,00|0,00|0,00||
|C100|0|1|F05553531000206|55|00|1|29933|35181105553531000206550010000299331427648012|30112018|12122018|2250,00|1|0,00|0,00|2250,00|0|0,00|0,00|0,00|2250,00|157,50|0,00|0,00|0,00|0,00|0,00|||
|C170|1|019766||1,000|UN|820,00|0,00|1|400|2910|0000000004|820,00|7,00|57,40|0,00|0,00|0,00||||0,00|0,00|0,00||||||||||||||
|C170|2|020450||1,000|UN|420,00|0,00|1|400|2910|0000000004|420,00|7,00|29,40|0,00|0,00|0,00||||0,00|0,00|0,00||||||||||||||
|C170|3|021249||2,000|UN|340,00|0,00|1|400|2910|0000000004|340,00|7,00|23,80|0,00|0,00|0,00||||0,00|0,00|0,00||||||||||||||
|C170|4|021250||1,000|UN|670,00|0,00|1|400|2910|0000000004|670,00|7,00|46,90|0,00|0,00|0,00||||0,00|0,00|0,00||||||||||||||
|C190|400|2910|7,00|2250,00|2250,00|157,50|0,00|0,00|0,00|0,00||
|C195|15||
|C100|0|0|F28924673300|55|00|4|38363|23181214045341000198550040000383631426750878|12122018|12122018|1100,00|2|31,57|0,00|1131,57|1|0,00|0,00|0,00|0,00|0,00|0,00|0,00|0,00|7,15|33,00|||
|C110|5||
|C190|060|1411|0,00|1100,00|0,00|0,00|0,00|0,00|0,00|0,00||
|C100|0|0|F28924673300|55|00|4|38364|23181214045341000198550040000383641211910479|12122018|12122018|1000,00|2|0,00|0,00|1000,00|1|0,00|0,00|0,00|0,00|0,00|0,00|0,00|0,00|6,50|30,00|||
|C110|6||
|C190|060|1411|0,00|1000,00|0,00|0,00|0,00|0,00|0,00|0,00||
|C100|0|0|F04395107320|55|00|4|38365|23181214045341000198550040000383651165103739|12122018|12122018|950,00|2|0,00|0,00|950,00|1|0,00|0,00|0,00|0,00|0,00|0,00|0,00|0,00|6,18|28,50|||
|C110|7||
|C190|060|1411|0,00|950,00|0,00|0,00|0,00|0,00|0,00|0,00||
|C100|0|1|F05202611000136|55|00|1|32749|31181105202611000136550010000327491008113758|30112018|13122018|3467,74|1|0,00|0,00|2430,00|0|200,00|0,00|0,00|2630,00|184,10|0,00|0,00|0,00|0,00|0,00|||
|C170|1|020627||2,000|KIT|972,00|0,00|1|010|2403|0000000002|1052,00|7,00|73,64|0,00|0,00|0,00||||0,00|0,00|0,00||||||||||||||
|C170|2|021233||3,000|KIT|1458,00|0,00|1|010|2403|0000000002|1578,00|7,00|110,46|0,00|0,00|0,00||||0,00|0,00|0,00||||||||||||||
|C190|010|2403|7,00|3467,74|2630,00|184,10|0,00|0,00|0,00|0,00||
|C195|16||
|C100|0|1|F05202611000136|55|00|1|32852|31181205202611000136550010000328521008211053|07122018|13122018|1033,69|1|0,00|0,00|667,00|0|120,00|0,00|0,00|787,00|55,09|0,00|0,00|0,00|0,00|0,00|||
|C170|1|020625||1,000|KIT|667,00|0,00|1|010|2403|0000000002|787,00|7,00|55,09|0,00|0,00|0,00||||0,00|0,00|0,00||||||||||||||
|C190|010|2403|7,00|1033,69|787,00|55,09|0,00|0,00|0,00|0,00||
|C195|17||
|C100|0|0|F03624449354|55|00|4|38372|23181214045341000198550040000383721942355803|13122018|13122018|1000,00|2|0,00|0,00|1000,00|1|0,00|0,00|0,00|0,00|0,00|0,00|0,00|0,00|6,51|30,00|||
|C110|8||
|C113|1|0|C03624449354|55|4||38352|11122018|23181214045341000198550040000383521864670847|
|C190|060|1411|0,00|1000,00|0,00|0,00|0,00|0,00|0,00|0,00||
|C100|0|0|F05325138359|55|00|4|38381|23181214045341000198550040000383811925670410|13122018|13122018|793,63|2|16,37|0,00|810,00|1|0,00|0,00|0,00|0,00|0,00|0,00|0,00|0,00|5,16|23,81|||
|C110|9||
|C113|1|0|C05325138359|55|4||38255|04122018|23181214045341000198550040000382551146153317|
|C190|060|1411|0,00|793,63|0,00|0,00|0,00|0,00|0,00|0,00||
|C100|0|0|F32133383387|55|00|4|38382|23181214045341000198550040000383821184477844|13122018|13122018|5000,00|2|59,13|0,00|5059,13|1|0,00|0,00|0,00|0,00|0,00|0,00|0,00|0,00|32,50|150,00|||
|C110|10||
|C113|1|0|C32133383387|55|4||38267|05122018|23181214045341000198550040000382671529918937|
|C190|060|1411|0,00|5000,00|0,00|0,00|0,00|0,00|0,00|0,00||
|C100|0|1|F12223212000117|55|00|1|19493|52181212223212000117550010000194931079923674|11122018|14122018|15692,97|1|987,80|0,00|16138,00|0|0,00|0,00|0,00|15150,20|606,01|0,00|0,00|0,00|0,00|0,00|||
|C170|1|014098||20,000|UN|8980,00|987,80|1|100|2102|0000000002|7992,20|4,00|319,69|0,00|0,00|0,00||||0,00|0,00|0,00||||||||||||||
|C170|2|019462||18,000|UN|6282,00|0,00|1|800|2102|0000000002|6282,00|4,00|251,28|0,00|0,00|0,00||||0,00|0,00|0,00||||||||||||||
|C170|3|019462||2,000|UN|698,00|0,00|1|800|2102|0000000002|698,00|4,00|27,92|0,00|0,00|0,00||||0,00|0,00|0,00||||||||||||||
|C170|4|020891||2,000|UN|178,00|0,00|1|800|2102|0000000002|178,00|4,00|7,12|0,00|0,00|0,00||||0,00|0,00|0,00||||||||||||||
|C190|800|2102|4,00|7301,16|7158,00|286,32|0,00|0,00|0,00|0,00||
|C190|100|2102|4,00|8391,81|7992,20|319,69|0,00|0,00|0,00|0,00||
|C100|0|1|F27998908000192|55|00|1|2448|41181227998908000192550010000024481004640324|12122018|14122018|1634,93|1|0,00|0,00|1500,30|0|102,57|0,00|0,00|1602,87|112,20|0,00|0,00|0,00|0,00|0,00|||
|C170|1|020258||10,000|UN|1500,30|0,00|1|400|2102|0000000002|1602,87|7,00|112,20|0,00|0,00|0,00||||0,00|0,00|0,00||||||||||||||
|C190|400|2102|7,00|1634,93|1602,87|112,20|0,00|0,00|0,00|0,00||
|C195|18||
|C100|0|1|F00359796000173|55|00|1|259593|23181100359796000173550010002595931111019116|19112018|14122018|210,62|1|0,00|0,00|205,62|0|5,00|0,00|0,00|0,00|0,00|0,00|0,00|0,00|0,00|0,00|||
|C170|1|009702||1,000|MT|55,62|0,00|1|060|1556|0000000002|0,00|0,00|0,00|0,00|0,00|0,00||||0,00|0,00|0,00||||||||||||||
|C170|2|013261||50,000|UN|150,00|0,00|1|060|1556|0000000002|0,00|0,00|0,00|0,00|0,00|0,00||||0,00|0,00|0,00||||||||||||||
|C190|060|1556|0,00|210,62|0,00|0,00|0,00|0,00|0,00|0,00||
|C195|19||
|C100|0|1|F25088142000183|55|00|1|633|35181225088142000183550010000006331974477105|05122018|14122018|900,00|1|0,00|0,00|900,00|2|0,00|0,00|0,00|0,00|0,00|0,00|0,00|0,00|0,00|0,00|||
|C170|1|020138||3,000|UN|900,00|0,00|1|241|2102|0000000005|0,00|0,00|0,00|0,00|0,00|0,00||||0,00|0,00|0,00||||||||||||||
|C190|241|2102|0,00|900,00|0,00|0,00|0,00|0,00|0,00|0,00||
|C195|20||
|C100|0|0|F25421991830|55|00|4|38391|23181214045341000198550040000383911628345936|14122018|14122018|3600,00|2|10,08|0,00|3610,08|1|0,00|0,00|0,00|0,00|0,00|0,00|0,00|0,00|23,40|108,00|||
|C110|11||
|C190|060|1411|0,00|3600,00|0,00|0,00|0,00|0,00|0,00|0,00||
|C100|0|0|F27301354304|55|00|4|38392|23181214045341000198550040000383921517341042|14122018|14122018|1500,00|2|23,29|0,00|1523,29|1|0,00|0,00|0,00|0,00|0,00|0,00|0,00|0,00|9,75|45,00|||
|C110|12||
|C190|060|1411|0,00|1500,00|0,00|0,00|0,00|0,00|0,00|0,00||
|C100|0|0|F14218372349|55|00|4|38393|23181214045341000198550040000383931275362458|14122018|14122018|1100,00|2|0,00|0,00|1100,00|1|0,00|0,00|0,00|0,00|0,00|0,00|0,00|0,00|7,15|33,00|||
|C110|13||
|C190|460|1411|0,00|1100,00|0,00|0,00|0,00|0,00|0,00|0,00||
|C100|0|1|F19335263000180|55|00|001|000003756|32181219335263000180550010000037561000764611|04122018|17122018|4271,68|1|0,00|0,00|3991,68|0|280,00|0,00|0,00|3991,68|479,00|0,00|0,00|0,00|0,00|0,00|||
|C170|1|020821||2,000|UN|997,92|0,00|1|000|2102|0000000001|997,92|12,00|119,75|0,00|0,00|0,00||||0,00|0,00|0,00||||||||||||||
|C170|2|021131||2,000|UN|997,92|0,00|1|000|2102|0000000001|997,92|12,00|119,75|0,00|0,00|0,00||||0,00|0,00|0,00||||||||||||||
|C170|3|021233||2,000|KIT|997,92|0,00|1|000|2102|0000000001|997,92|12,00|119,75|0,00|0,00|0,00||||0,00|0,00|0,00||||||||||||||
|C170|4|021256||2,000|KIT|997,92|0,00|1|000|2102|0000000001|997,92|12,00|119,75|0,00|0,00|0,00||||0,00|0,00|0,00||||||||||||||
|C190|000|2102|12,00|4271,68|3991,68|479,00|0,00|0,00|0,00|0,00||
|C100|0|1|F15332149000145|55|00|1|11499|35181115332149000145550010000114991000114992|27112018|17122018|1890,72|1|0,00|0,00|1560,00|1|0,00|0,00|0,00|1560,00|62,40|0,00|0,00|0,00|0,00|0,00|||
|C170|1|020756||6,000|UN|1560,00|0,00|1|210|2403|0000000002|1560,00|4,00|62,40|0,00|0,00|0,00||||0,00|0,00|0,00||||||||||||||
|C190|210|2403|4,00|1890,72|1560,00|62,40|0,00|0,00|0,00|0,00||
|C195|21||
|C100|0|1|F12223212000117|55|00|1|19514|52181212223212000117550010000195141801736287|12122018|17122018|6114,90|1|0,00|0,00|5995,00|0|0,00|0,00|0,00|5995,00|239,80|0,00|0,00|0,00|0,00|0,00|||
|C170|1|019702||5,000|UN|5995,00|0,00|1|800|2102|0000000002|5995,00|4,00|239,80|0,00|0,00|0,00||||0,00|0,00|0,00||||||||||||||
|C190|800|2102|4,00|6114,90|5995,00|239,80|0,00|0,00|0,00|0,00||
|C100|0|1|F00359796000173|55|00|1|261178|23181200359796000173550010002611781111005126|05122018|17122018|191,40|1|0,00|0,00|186,40|0|5,00|0,00|0,00|0,00|0,00|0,00|0,00|0,00|0,00|0,00|||
|C170|1|006360||10,000|UN|135,70|0,00|1|060|2403|0000000002|0,00|0,00|0,00|0,00|0,00|0,00||||0,00|0,00|0,00||||||||||||||
|C170|2|020161||6,000|UN|50,70|0,00|1|260|2403|0000000002|0,00|0,00|0,00|0,00|0,00|0,00||||0,00|0,00|0,00||||||||||||||
|C190|060|2403|0,00|139,34|0,00|0,00|0,00|0,00|0,00|0,00||
|C190|260|2403|0,00|52,06|0,00|0,00|0,00|0,00|0,00|0,00||
|C195|19||
|C100|0|1|F05553531000206|55|00|1|29743|35181005553531000206550010000297431827301569|31122018|17122018|2074,30|1|0,00|0,00|1954,65|0|0,00|0,00|0,00|1954,65|115,72|0,00|0,00|0,00|0,00|0,00|||
|C170|1|020447||1,000|PC|85,60|0,00|1|000|2910|0000000004|85,60|7,00|5,99|0,00|0,00|0,00||||0,00|0,00|0,00||||||||||||||
|C170|2|020946||1,000|UN|1078,74|0,00|1|400|2910|0000000004|1078,74|7,00|75,51|0,00|0,00|0,00||||0,00|0,00|0,00||||||||||||||
|C170|3|021113||1,000|UN|234,89|0,00|1|100|2910|0000000004|234,89|4,00|9,40|0,00|0,00|0,00||||0,00|0,00|0,00||||||||||||||
|C170|4|021252||1,000|UN|86,90|0,00|1|000|2910|0000000004|86,90|7,00|6,08|0,00|0,00|0,00||||0,00|0,00|0,00||||||||||||||
|C170|5|021254||1,000|UN|359,00|0,00|1|100|2910|0000000004|359,00|4,00|14,36|0,00|0,00|0,00||||0,00|0,00|0,00||||||||||||||
|C170|6|021255||1,000|UN|109,52|0,00|1|100|2910|0000000004|109,52|4,00|4,38|0,00|0,00|0,00||||0,00|0,00|0,00||||||||||||||
|C190|100|2910|4,00|797,18|703,41|28,14|0,00|0,00|0,00|0,00||
|C190|000|2910|7,00|198,38|172,50|12,07|0,00|0,00|0,00|0,00||
|C190|400|2910|7,00|1078,74|1078,74|75,51|0,00|0,00|0,00|0,00||
|C195|22||
|C100|0|1|F25630302001901|55|00|1|346051|23181225630302001901550010003460511088000708|13122018|17122018|206,70|1|0,00|0,00|206,70|0|0,00|0,00|0,00|0,00|0,00|0,00|0,00|0,00|0,00|0,00|||
|C170|1|020841||30,000|UN|206,70|0,00|1|060|1102|0000000003|0,00|0,00|0,00|0,00|0,00|0,00||||0,00|0,00|0,00||||||||||||||
|C190|060|1102|0,00|206,70|0,00|0,00|0,00|0,00|0,00|0,00||
|C195|13||
|C100|0|1|F60852274000130|55|00|1|404970|35181260852274000130550010004049701286874170|06122018|17122018|7875,62|1|0,00|0,00|6457,76|0|0,00|0,00|0,00|6457,76|452,04|0,00|0,00|0,00|0,00|0,00|||
|C170|1|018769||24,000|UN|2456,16|0,00|1|410|2403|0000000002|2456,16|7,00|171,93|0,00|0,00|0,00||||0,00|0,00|0,00||||||||||||||
|C170|2|020782||16,000|UN|1385,60|0,00|1|410|2403|0000000002|1385,60|7,00|96,99|0,00|0,00|0,00||||0,00|0,00|0,00||||||||||||||
|C170|3|021126||40,000|UN|2616,00|0,00|1|010|2403|0000000002|2616,00|7,00|183,12|0,00|0,00|0,00||||0,00|0,00|0,00||||||||||||||
|C190|010|2403|7,00|3190,37|2616,00|183,12|0,00|0,00|0,00|0,00||
|C190|410|2403|7,00|4685,25|3841,76|268,92|0,00|0,00|0,00|0,00||
|C195|23||
|C195|24||
|C100|0|1|F10307063000149|55|00|1|5315|23181210307063000149550010000053151000053155|03122018|17122018|1608,00|1|0,00|0,00|1608,00|0|0,00|0,00|0,00|1608,00|289,44|0,00|0,00|0,00|0,00|0,00|||
|C170|1|020161||2,000|UN|300,00|0,00|1|000|1551|0000000003|300,00|18,00|54,00|0,00|0,00|0,00||||0,00|0,00|0,00||||||||||||||
|C170|2|020161||6,000|UN|1308,00|0,00|1|000|1551|0000000003|1308,00|18,00|235,44|0,00|0,00|0,00||||0,00|0,00|0,00||||||||||||||
|C190|000|1551|18,00|1608,00|1608,00|289,44|0,00|0,00|0,00|0,00||
|C195|25||
|C100|0|1|F03280060000101|55|00|1|59428|42181203280060000101550010000594281762722677|11122018|17122018|10311,60|1|0,00|0,00|8400,00|0|193,00|0,00|0,00|8593,00|343,73|0,00|0,00|0,00|0,00|0,00|||
|C170|1|015275||4,000|UN|1760,00|0,00|1|100|2102|0000000002|1800,44|4,00|72,02|0,00|0,00|0,00||||0,00|0,00|0,00||||||||||||||
|C170|2|016179||6,000|UN|2640,00|0,00|1|100|2102|0000000002|2700,66|4,00|108,03|0,00|0,00|0,00||||0,00|0,00|0,00||||||||||||||
|C170|3|021251||4,000|UN|4000,00|0,00|1|100|2102|0000000002|4091,90|4,00|163,68|0,00|0,00|0,00||||0,00|0,00|0,00||||||||||||||
|C190|100|2102|4,00|10311,60|8593,00|343,73|0,00|0,00|0,00|0,00||
|C195|26||
|C100|0|1|F03280060000101|55|00|1|59448|42181203280060000101550010000594481508372344|12122018|17122018|2739,16|1|0,00|0,00|2115,00|0|230,00|0,00|0,00|2345,00|116,25|0,00|0,00|0,00|0,00|0,00|||
|C170|1|020658||30,000|UN|1440,00|0,00|1|100|2102|0000000002|1596,60|4,00|63,86|0,00|0,00|0,00||||0,00|0,00|0,00||||||||||||||
|C170|2|020762||5,000|UN|675,00|0,00|1|000|2102|0000000002|748,40|7,00|52,39|0,00|0,00|0,00||||0,00|0,00|0,00||||||||||||||
|C190|100|2102|4,00|1915,92|1596,60|63,86|0,00|0,00|0,00|0,00||
|C190|000|2102|7,00|823,24|748,40|52,39|0,00|0,00|0,00|0,00||
|C195|26||
|C100|0|0|F30984157387|55|00|4|38441|23181214045341000198550040000384411823289598|18122018|18122018|4750,00|2|0,00|0,00|4750,00|1|0,00|0,00|0,00|0,00|0,00|0,00|0,00|0,00|30,89|142,50|||
|C110|14||
|C190|060|1411|0,00|4750,00|0,00|0,00|0,00|0,00|0,00|0,00||
|C100|0|1|F91013698000135|55|00|1|337019|43181291013698000135550010003370191384309510|06122018|20122018|4182,33|1|0,00|0,00|3837,00|0|153,48|0,00|0,00|3990,48|279,33|0,00|0,00|0,00|0,00|0,00|||
|C170|1|020244||6,000|UN|2460,00|0,00|1|000|2403|0000000002|2584,39|7,00|180,90|0,00|0,00|0,00||||0,00|0,00|0,00||||||||||||||
|C170|2|020944||3,000|UN|1377,00|0,00|1|000|2403|0000000002|1406,09|7,00|98,43|0,00|0,00|0,00||||0,00|0,00|0,00||||||||||||||
|C190|000|2403|7,00|4182,33|3990,48|279,33|0,00|0,00|0,00|0,00||
|C195|27||
|C100|0|1|F25630302001901|55|00|1|347098|23181225630302001901550010003470981088295075|20122018|20122018|224,96|1|0,00|0,00|224,96|0|0,00|0,00|0,00|0,00|0,00|0,00|0,00|0,00|0,00|0,00|||
|C170|1|021257||4,000|UN|224,96|0,00|1|060|1403|0000000002|0,00|0,00|0,00|0,00|0,00|0,00||||0,00|0,00|0,00||||||||||||||
|C190|060|1403|0,00|224,96|0,00|0,00|0,00|0,00|0,00|0,00||
|C195|13||
|C100|0|1|F14293193000120|55|00|1|1080|35181214293193000120550010000010801000010804|11122018|21122018|4859,42|1|0,00|0,00|4111,20|1|0,00|0,00|0,00|0,00|0,00|0,00|0,00|0,00|0,00|0,00|||
|C170|1|017968||40,000|UN|1460,00|0,00|1|030|2403|0000000002|0,00|0,00|0,00|0,00|0,00|0,00||||0,00|0,00|0,00||||||||||||||
|C170|2|019409||10,000|UN|818,80|0,00|1|030|2403|0000000002|0,00|0,00|0,00|0,00|0,00|0,00||||0,00|0,00|0,00||||||||||||||
|C170|3|019440||3,000|UN|245,64|0,00|1|030|2403|0000000002|0,00|0,00|0,00|0,00|0,00|0,00||||0,00|0,00|0,00||||||||||||||
|C170|4|019444||2,000|UN|163,76|0,00|1|030|2403|0000000002|0,00|0,00|0,00|0,00|0,00|0,00||||0,00|0,00|0,00||||||||||||||
|C170|5|019966||10,000|UN|730,00|0,00|1|030|2403|0000000002|0,00|0,00|0,00|0,00|0,00|0,00||||0,00|0,00|0,00||||||||||||||
|C170|6|020847||5,000|UN|315,00|0,00|1|030|2403|0000000002|0,00|0,00|0,00|0,00|0,00|0,00||||0,00|0,00|0,00||||||||||||||
|C170|7|020852||6,000|UN|378,00|0,00|1|030|2403|0000000002|0,00|0,00|0,00|0,00|0,00|0,00||||0,00|0,00|0,00||||||||||||||
|C190|030|2403|0,00|4859,42|0,00|0,00|0,00|0,00|0,00|0,00||
|C195|28||
|C100|0|1|F07044297000136|55|00|1|111317|23181207044297000136550010001113171111019120|19122018|21122018|2176,00|1|0,00|0,00|1892,18|0|0,00|0,00|0,00|0,00|0,00|0,00|0,00|0,00|0,00|0,00|||
|C170|1|021260||8,000|UN|1892,18|0,00|1|160|2403|0000000002|0,00|0,00|0,00|0,00|0,00|0,00||||0,00|0,00|0,00||||||||||||||
|C190|160|2403|0,00|2176,00|0,00|0,00|0,00|0,00|0,00|0,00||
|C195|29||
|C100|0|1|F10530738000114|55|00|1|14007|23181210530738000114550010000140071000008017|19122018|21122018|1200,00|1|0,00|0,00|1200,00|2|0,00|0,00|0,00|0,00|0,00|0,00|0,00|0,00|0,00|0,00|||
|C170|1|020625||1,000|KIT|1200,00|0,00|1|060|2403|0000000002|0,00|0,00|0,00|0,00|0,00|0,00||||0,00|0,00|0,00||||||||||||||
|C190|060|2403|0,00|1200,00|0,00|0,00|0,00|0,00|0,00|0,00||
|C100|0|1|F08318220000170|55|00|1|182246|23181208318220000170550010001822461321170265|20122018|21122018|1880,42|1|0,00|0,00|1880,42|0|0,00|0,00|0,00|0,00|0,00|0,00|0,00|0,00|0,00|0,00|||
|C170|1|013257||50,000|UN|1485,50|0,00|1|060|1556|0000000002|0,00|0,00|0,00|0,00|0,00|0,00||||0,00|0,00|0,00||||||||||||||
|C170|2|013454||1,000|UN|131,64|0,00|1|060|1556|0000000002|0,00|0,00|0,00|0,00|0,00|0,00||||0,00|0,00|0,00||||||||||||||
|C170|3|021258||2,000|UN|263,28|0,00|1|060|1556|0000000002|0,00|0,00|0,00|0,00|0,00|0,00||||0,00|0,00|0,00||||||||||||||
|C190|060|1556|0,00|1880,42|0,00|0,00|0,00|0,00|0,00|0,00||
|C195|30||
|C100|0|1|F27998908000192|55|00|1|2439|41181227998908000192550010000024391004640325|12122018|21122018|1140,07|1|0,00|0,00|1140,07|2|0,00|0,00|0,00|0,00|0,00|0,00|0,00|0,00|0,00|0,00|||
|C170|1|020250||2,000|UN|347,80|0,00|1|450|2102|0000000005|0,00|0,00|0,00|0,00|0,00|0,00||||0,00|0,00|0,00||||||||||||||
|C170|2|020258||1,000|UN|150,03|0,00|1|450|2102|0000000005|0,00|0,00|0,00|0,00|0,00|0,00||||0,00|0,00|0,00||||||||||||||
|C170|3|020262||3,000|UN|207,00|0,00|1|450|2102|0000000005|0,00|0,00|0,00|0,00|0,00|0,00||||0,00|0,00|0,00||||||||||||||
|C170|4|020262||1,000|UN|69,00|0,00|1|450|2102|0000000005|0,00|0,00|0,00|0,00|0,00|0,00||||0,00|0,00|0,00||||||||||||||
|C170|5|020331||1,000|UN|196,50|0,00|1|450|2102|0000000005|0,00|0,00|0,00|0,00|0,00|0,00||||0,00|0,00|0,00||||||||||||||
|C170|6|020411||1,000|UN|169,74|0,00|1|450|2102|0000000005|0,00|0,00|0,00|0,00|0,00|0,00||||0,00|0,00|0,00||||||||||||||
|C190|450|2102|0,00|1140,07|0,00|0,00|0,00|0,00|0,00|0,00||
|C195|31||
|C100|0|1|F25088142000183|55|00|1|637|35181225088142000183550010000006371193322400|11122018|21122018|7481,52|1|0,00|0,00|7000,00|0|201,52|0,00|0,00|0,00|0,00|0,00|0,00|0,00|0,00|0,00|||
|C170|1|020138||20,000|UN|7000,00|0,00|1|230|2102|0000000002|0,00|0,00|0,00|0,00|0,00|0,00||||0,00|0,00|0,00||||||||||||||
|C190|230|2102|0,00|7481,52|0,00|0,00|0,00|0,00|0,00|0,00||
|C195|32||
|C100|0|1|F06053779000432|55|00|1|36918|23181206053779000432550010000369181008199354|21122018|24122018|244,97|1|0,00|0,00|238,85|0|6,12|0,00|0,00|0,00|0,00|0,00|0,00|0,00|0,00|0,00|||
|C170|1|013291||1,000|UN|120,00|0,00|1|060|1403|0000000002|0,00|0,00|0,00|0,00|0,00|0,00||||0,00|0,00|0,00||||||||||||||
|C170|2|017235||1,000|PAR|118,85|0,00|1|060|1403|0000000002|0,00|0,00|0,00|0,00|0,00|0,00||||0,00|0,00|0,00||||||||||||||
|C190|060|1403|0,00|244,97|0,00|0,00|0,00|0,00|0,00|0,00||
|C195|33||
|C100|0|1|F07044297000136|55|00|1|111710|23181207044297000136550010001117101111026127|26122018|26122018|310,00|1|0,00|0,00|310,00|2|0,00|0,00|0,00|0,00|0,00|0,00|0,00|0,00|0,00|0,00|||
|C170|1|021077||2,000|UN|310,00|0,00|1|060|2403|0000000002|0,00|0,00|0,00|0,00|0,00|0,00||||0,00|0,00|0,00||||||||||||||
|C190|060|2403|0,00|310,00|0,00|0,00|0,00|0,00|0,00|0,00||
|C195|34||
|C100|0|1|F08318220000170|55|00|1|182360|23181208318220000170550010001823601856509211|21122018|26122018|191,06|1|0,00|0,00|191,06|0|0,00|0,00|0,00|0,00|0,00|0,00|0,00|0,00|0,00|0,00|||
|C170|1|013257||2,000|UN|59,42|0,00|1|060|1556|0000000002|0,00|0,00|0,00|0,00|0,00|0,00||||0,00|0,00|0,00||||||||||||||
|C170|2|021258||1,000|UN|131,64|0,00|1|060|1556|0000000002|0,00|0,00|0,00|0,00|0,00|0,00||||0,00|0,00|0,00||||||||||||||
|C190|060|1556|0,00|191,06|0,00|0,00|0,00|0,00|0,00|0,00||
|C195|35||
|C100|0|1|F12223212000117|55|00|1|19611|52181212223212000117550010000196111910604903|20122018|26122018|5606,25|1|0,00|0,00|4875,00|0|0,00|0,00|0,00|4875,00|195,00|0,00|0,00|0,00|0,00|0,00|||
|C170|1|018052||15,000|UN|4875,00|0,00|1|100|2102|0000000002|4875,00|4,00|195,00|0,00|0,00|0,00||||0,00|0,00|0,00||||||||||||||
|C190|100|2102|4,00|5606,25|4875,00|195,00|0,00|0,00|0,00|0,00||
|C100|0|1|F12223212000117|55|00|1|19623|52181212223212000117550010000196231621705817|20122018|26122018|9535,61|1|493,90|0,00|9725,00|0|0,00|0,00|0,00|9231,10|369,24|0,00|0,00|0,00|0,00|0,00|||
|C170|1|014098||10,000|UN|4490,00|493,90|1|100|2102|0000000002|3996,10|4,00|159,84|0,00|0,00|0,00||||0,00|0,00|0,00||||||||||||||
|C170|2|019462||15,000|UN|5235,00|0,00|1|800|2102|0000000002|5235,00|4,00|209,40|0,00|0,00|0,00||||0,00|0,00|0,00||||||||||||||
|C190|800|2102|4,00|5339,70|5235,00|209,40|0,00|0,00|0,00|0,00||
|C190|100|2102|4,00|4195,91|3996,10|159,84|0,00|0,00|0,00|0,00||
|C100|0|1|F60852274000130|55|00|1|406234|35181260852274000130550010004062341972835476|19122018|26122018|2313,36|1|0,00|0,00|1927,80|1|0,00|0,00|0,00|1927,80|77,11|0,00|0,00|0,00|0,00|0,00|||
|C170|1|019031||30,000|UN|1927,80|0,00|1|500|2102|0000000002|1927,80|4,00|77,11|0,00|0,00|0,00||||0,00|0,00|0,00||||||||||||||
|C190|500|2102|4,00|2313,36|1927,80|77,11|0,00|0,00|0,00|0,00||
|C100|0|1|F01859648000261|55|00|1|57821|35181201859648000261550010000578211218869690|10122018|26122018|463,23|1|0,00|0,00|372,19|0|0,00|0,00|0,00|372,19|26,05|0,00|0,00|0,00|0,00|0,00|||
|C170|1|020165||1,000|UN|372,19|0,00|1|510|2949|0000000005|372,19|7,00|26,05|0,00|0,00|0,00||||0,00|0,00|0,00||||||||||||||
|C190|510|2949|7,00|463,23|372,19|26,05|0,00|0,00|0,00|0,00||
|C195|36||
|C100|0|1|F07319224000100|55|00|1|59310|23181207319224000100550010000593101518283385|19122018|26122018|255,00|1|0,00|0,00|255,00|2|0,00|0,00|0,00|0,00|0,00|0,00|0,00|0,00|0,00|0,00|||
|C170|1|016168||1,000|UN|135,00|0,00|1|060|1403|0000000002|0,00|0,00|0,00|0,00|0,00|0,00||||0,00|0,00|0,00||||||||||||||
|C170|2|020807||1,000|UN|120,00|0,00|1|060|1403|0000000002|0,00|0,00|0,00|0,00|0,00|0,00||||0,00|0,00|0,00||||||||||||||
|C190|060|1403|0,00|255,00|0,00|0,00|0,00|0,00|0,00|0,00||
|C100|0|1|F03280060000101|55|00|1|59546|42181203280060000101550010000595461600986532|18122018|26122018|1485,00|1|0,00|0,00|1350,00|0|0,00|0,00|0,00|1350,00|94,50|0,00|0,00|0,00|0,00|0,00|||
|C170|1|020762||10,000|UN|1350,00|0,00|1|000|2102|0000000002|1350,00|7,00|94,50|0,00|0,00|0,00||||0,00|0,00|0,00||||||||||||||
|C190|000|2102|7,00|1485,00|1350,00|94,50|0,00|0,00|0,00|0,00||
|C195|26||
|C100|0|0|F09479799308|55|00|4|38577|23181214045341000198550040000385771931209182|26122018|26122018|2142,71|2|76,46|0,00|2219,17|1|0,00|0,00|0,00|0,00|0,00|0,00|0,00|0,00|13,93|64,28|||
|C110|15||
|C190|060|1411|0,00|2142,71|0,00|0,00|0,00|0,00|0,00|0,00||
|C100|0|0|F22068716372|55|00|4|38578|23181214045341000198550040000385781840522616|26122018|26122018|860,00|2|0,00|0,00|860,00|1|0,00|0,00|0,00|0,00|0,00|0,00|0,00|0,00|5,59|25,80|||
|C110|16||
|C113|1|0|C22068716372|55|4||38431|17122018|23181214045341000198550040000384311624198430|
|C190|060|1411|0,00|860,00|0,00|0,00|0,00|0,00|0,00|0,00||
|C100|0|0|F46924434304|55|00|4|38579|23181214045341000198550040000385791481285066|26122018|26122018|2590,00|2|51,34|0,00|2641,34|1|0,00|0,00|0,00|0,00|0,00|0,00|0,00|0,00|16,84|77,70|||
|C110|17||
|C190|060|1411|0,00|2590,00|0,00|0,00|0,00|0,00|0,00|0,00||
|C100|0|1|F07044297000136|55|00|1|110679|23181207044297000136550010001106791111012120|12122018|27122018|390,00|1|0,00|0,00|390,00|2|0,00|0,00|0,00|0,00|0,00|0,00|0,00|0,00|0,00|0,00|||
|C170|1|021266||1,000|UN|390,00|0,00|1|060|2403|0000000002|0,00|0,00|0,00|0,00|0,00|0,00||||0,00|0,00|0,00||||||||||||||
|C190|060|2403|0,00|390,00|0,00|0,00|0,00|0,00|0,00|0,00||
|C195|37||
|C100|0|1|F07044297000136|55|00|1|111757|23181207044297000136550010001117571111026123|26122018|27122018|654,44|1|0,00|0,00|654,44|2|0,00|0,00|0,00|0,00|0,00|0,00|0,00|0,00|0,00|0,00|||
|C170|1|021079||1,000|UN|128,00|0,00|1|060|2403|0000000002|0,00|0,00|0,00|0,00|0,00|0,00||||0,00|0,00|0,00||||||||||||||
|C170|2|021079||4,000|UN|526,44|0,00|1|060|2403|0000000002|0,00|0,00|0,00|0,00|0,00|0,00||||0,00|0,00|0,00||||||||||||||
|C190|060|2403|0,00|654,44|0,00|0,00|0,00|0,00|0,00|0,00||
|C195|38||
|C100|0|1|F01838723025707|55|00|1|1886849|23181201838723025707550010018868491092368040|18122018|27122018|2500,00|1|0,00|0,00|2500,00|0|0,00|0,00|0,00|0,00|0,00|0,00|0,00|0,00|0,00|0,00|||
|C170|1|020161||25,000|UN|2500,00|0,00|1|060|1556|0000000003|0,00|0,00|0,00|0,00|0,00|0,00||||0,00|0,00|0,00||||||||||||||
|C190|060|1556|0,00|2500,00|0,00|0,00|0,00|0,00|0,00|0,00||
|C195|39||
|C100|0|1|F30119515000176|55|00|1|19225|33181230119515000176550010000192251000192253|18122018|27122018|507,00|1|0,00|0,00|250,00|0|207,00|0,00|0,00|250,00|10,00|0,00|0,00|0,00|0,00|0,00|||
|C170|1|020237||1,000|UN|250,00|0,00|1|110|2102|0000000002|250,00|4,00|10,00|0,00|0,00|0,00||||0,00|0,00|0,00||||||||||||||
|C190|110|2102|4,00|507,00|250,00|10,00|0,00|0,00|0,00|0,00||
|C195|40||
|C100|0|1|F07272825000295|55|00|1|260652|23181207272825000295550010002606521002606520|07122018|27122018|515,00|1|0,00|0,00|515,00|0|0,00|0,00|0,00|0,00|0,00|0,00|0,00|0,00|0,00|0,00|||
|C170|1|020161||1,000|UN|515,00|0,00|1|060|1556|0000000003|0,00|0,00|0,00|0,00|0,00|0,00||||0,00|0,00|0,00||||||||||||||
|C190|060|1556|0,00|515,00|0,00|0,00|0,00|0,00|0,00|0,00||
|C195|41||
|C100|0|1|F07342785000120|55|00|1|413323|23181207342785000120550010004133231121020128|20122018|27122018|208,35|1|0,00|0,00|208,35|2|0,00|0,00|0,00|0,00|0,00|0,00|0,00|0,00|0,00|0,00|||
|C170|1|020124||5,000|UN|30,00|0,00|1|060|1556|0000000003|0,00|0,00|0,00|0,00|0,00|0,00||||0,00|0,00|0,00||||||||||||||
|C170|2|020124||3,000|UN|5,76|0,00|1|060|1556|0000000003|0,00|0,00|0,00|0,00|0,00|0,00||||0,00|0,00|0,00||||||||||||||
|C170|3|020124||3,000|UN|13,65|0,00|1|060|1556|0000000003|0,00|0,00|0,00|0,00|0,00|0,00||||0,00|0,00|0,00||||||||||||||
|C170|4|020124||1,000|UN|22,10|0,00|1|060|1556|0000000003|0,00|0,00|0,00|0,00|0,00|0,00||||0,00|0,00|0,00||||||||||||||
|C170|5|020124||20,000|UN|15,00|0,00|1|260|1556|0000000003|0,00|0,00|0,00|0,00|0,00|0,00||||0,00|0,00|0,00||||||||||||||
|C170|6|020124||5,000|UN|21,00|0,00|1|260|1556|0000000003|0,00|0,00|0,00|0,00|0,00|0,00||||0,00|0,00|0,00||||||||||||||
|C170|7|020124||2,000|UN|13,00|0,00|1|260|1556|0000000003|0,00|0,00|0,00|0,00|0,00|0,00||||0,00|0,00|0,00||||||||||||||
|C170|8|020124||5,000|UN|30,00|0,00|1|060|1556|0000000003|0,00|0,00|0,00|0,00|0,00|0,00||||0,00|0,00|0,00||||||||||||||
|C170|9|020124||5,000|UN|1,90|0,00|1|060|1556|0000000003|0,00|0,00|0,00|0,00|0,00|0,00||||0,00|0,00|0,00||||||||||||||
|C170|10|020124||4,000|UN|16,40|0,00|1|060|1556|0000000003|0,00|0,00|0,00|0,00|0,00|0,00||||0,00|0,00|0,00||||||||||||||
|C170|11|020124||2,000|UN|7,60|0,00|1|060|1556|0000000003|0,00|0,00|0,00|0,00|0,00|0,00||||0,00|0,00|0,00||||||||||||||
|C170|12|020124||2,000|UN|8,16|0,00|1|060|1556|0000000003|0,00|0,00|0,00|0,00|0,00|0,00||||0,00|0,00|0,00||||||||||||||
|C170|13|020124||3,000|UN|6,93|0,00|1|060|1556|0000000003|0,00|0,00|0,00|0,00|0,00|0,00||||0,00|0,00|0,00||||||||||||||
|C170|14|020124||2,000|UN|12,30|0,00|1|060|1556|0000000003|0,00|0,00|0,00|0,00|0,00|0,00||||0,00|0,00|0,00||||||||||||||
|C170|15|020124||1,000|UN|4,55|0,00|1|060|1556|0000000003|0,00|0,00|0,00|0,00|0,00|0,00||||0,00|0,00|0,00||||||||||||||
|C190|260|1556|0,00|49,00|0,00|0,00|0,00|0,00|0,00|0,00||
|C190|060|1556|0,00|159,35|0,00|0,00|0,00|0,00|0,00|0,00||
|C195|42||
|C100|0|1|F09531774000113|55|00|1|45360|35181109531774000113550010000453601000175332|23112018|27122018|256,68|1|0,00|0,00|256,68|0|0,00|0,00|0,00|0,00|0,00|0,00|0,00|0,00|0,00|0,00|||
|C170|1|020808||1,000|UN|256,68|0,00|1|041|2910|0000000004|0,00|0,00|0,00|0,00|0,00|0,00||||0,00|0,00|0,00||||||||||||||
|C190|041|2910|0,00|256,68|0,00|0,00|0,00|0,00|0,00|0,00||
|C100|0|1|F07857332000136|55|00|1|6181|23181207857332000136550010000061811331801702|17122018|27122018|363,98|1|0,00|0,00|363,98|2|0,00|0,00|0,00|0,00|0,00|0,00|0,00|0,00|0,00|0,00|||
|C170|1|020150||22,779|LT|100,00|0,00|1|060|1556|0000000003|0,00|0,00|0,00|0,00|0,00|0,00||||0,00|0,00|0,00||||||||||||||
|C170|2|020150||6,681|LT|30,00|0,00|1|060|1556|0000000003|0,00|0,00|0,00|0,00|0,00|0,00||||0,00|0,00|0,00||||||||||||||
|C170|3|020153||63,409|LT|233,98|0,00|1|060|1556|0000000003|0,00|0,00|0,00|0,00|0,00|0,00||||0,00|0,00|0,00||||||||||||||
|C190|060|1556|0,00|363,98|0,00|0,00|0,00|0,00|0,00|0,00||
|C195|43||
|C100|0|1|F07201916000582|55|00|1|85686|23181207201916000582550010000856861474624038|18122018|27122018|975,90|1|0,00|0,00|975,90|2|0,00|0,00|0,00|0,00|0,00|0,00|0,00|0,00|0,00|0,00|||
|C170|1|020161||10,000|UN|735,00|0,00|1|060|1556|0000000003|0,00|0,00|0,00|0,00|0,00|0,00||||0,00|0,00|0,00||||||||||||||
|C170|2|020161||11,000|UN|240,90|0,00|1|060|1556|0000000003|0,00|0,00|0,00|0,00|0,00|0,00||||0,00|0,00|0,00||||||||||||||
|C190|060|1556|0,00|975,90|0,00|0,00|0,00|0,00|0,00|0,00||
|C195|44||
|C100|0|0|F22111506320|55|00|4|38605|23181214045341000198550040000386051355416248|27122018|27122018|4500,00|2|320,00|0,00|4820,00|1|0,00|0,00|0,00|0,00|0,00|0,00|0,00|0,00|29,25|134,99|||
|C110|18||
|C113|1|0|C22111506320|55|4||38520|20122018|23181214045341000198550040000385201778490868|
|C190|060|1411|0,00|4500,00|0,00|0,00|0,00|0,00|0,00|0,00||
|C100|0|0|F60416853307|55|00|4|38606|23181214045341000198550040000386061129562910|27122018|27122018|196,63|2|7,06|0,00|203,69|1|0,00|0,00|0,00|0,00|0,00|0,00|0,00|0,00|1,28|5,90|||
|C110|19||
|C113|1|0|C60416853307|55|4||38522|20122018|23181214045341000198550040000385221872670470|
|C190|060|1411|0,00|196,63|0,00|0,00|0,00|0,00|0,00|0,00||
|C100|0|0|F12246700353|55|00|4|38607|23181214045341000198550040000386071628368483|27122018|27122018|285,00|2|0,00|0,00|285,00|1|0,00|0,00|0,00|0,00|0,00|0,00|0,00|0,00|1,85|8,55|||
|C110|20||
|C113|1|0|C12246700353|55|4||38560|24122018|23181214045341000198550040000385601145598818|
|C190|060|1411|0,00|285,00|0,00|0,00|0,00|0,00|0,00|0,00||
|C100|0|0|F10352056000169|55|00|4|38608|23181214045341000198550040000386081946423272|27122018|27122018|196,94|2|6,75|0,00|203,69|1|0,00|0,00|0,00|0,00|0,00|0,00|0,00|0,00|1,28|5,91|||
|C110|21||
|C113|1|0|C10352056000169|55|4||38555|24122018|23181214045341000198550040000385551397286330|
|C190|060|1411|0,00|196,94|0,00|0,00|0,00|0,00|0,00|0,00||
|C100|0|1|F09445644000168|55|00|5|72600|23181209445644000168550050000726001723807572|21122018|27122018|264,29|1|0,00|0,00|261,14|2|0,00|0,00|3,15|0,00|0,00|0,00|0,00|0,00|0,00|0,00|||
|C170|1|7891173022868||10,000|RM|154,50|0,00|1|060|1556|0000000003|0,00|0,00|0,00|0,00|0,00|0,00||||0,00|0,00|0,00||||||||||||||
|C170|2|020161||4,000|UN|106,64|0,00|1|060|1556|0000000003|0,00|0,00|0,00|0,00|0,00|0,00||||0,00|0,00|0,00||||||||||||||
|C190|060|1556|0,00|264,29|0,00|0,00|0,00|0,00|0,00|0,00||
|C195|45||
|C100|0|1|F07044297000136|55|00|001|000111942|23181207044297000136550010001119421111027128|27122018|28122018|2029,30|1|0,00|0,00|2029,30|0|0,00|0,00|0,00|0,00|0,00|0,00|0,00|0,00|0,00|0,00|||
|C170|1|019676||1,000|UN|289,90|0,00|1|060|1403|0000000002|0,00|0,00|0,00|0,00|0,00|0,00||||0,00|0,00|0,00||||||||||||||
|C170|2|019856||2,000|UN|579,80|0,00|1|060|1403|0000000002|0,00|0,00|0,00|0,00|0,00|0,00||||0,00|0,00|0,00||||||||||||||
|C170|3|020780||4,000|UN|1159,60|0,00|1|060|1403|0000000002|0,00|0,00|0,00|0,00|0,00|0,00||||0,00|0,00|0,00||||||||||||||
|C190|060|1403|0,00|2029,30|0,00|0,00|0,00|0,00|0,00|0,00||
|C100|0|1|F07044297000136|55|00|1|111895|23181207044297000136550010001118951111027126|27122018|28122018|395,00|1|0,00|0,00|395,00|2|0,00|0,00|0,00|0,00|0,00|0,00|0,00|0,00|0,00|0,00|||
|C170|1|021273||1,000|KIT|395,00|0,00|1|060|2403|0000000002|0,00|0,00|0,00|0,00|0,00|0,00||||0,00|0,00|0,00||||||||||||||
|C190|060|2403|0,00|395,00|0,00|0,00|0,00|0,00|0,00|0,00||
|C195|46||
|C100|0|1|F07044297000136|55|00|1|111911|23181207044297000136550010001119111111027121|27122018|28122018|8442,40|1|0,00|0,00|8040,38|2|0,00|0,00|0,00|0,00|0,00|0,00|0,00|0,00|0,00|0,00|||
|C170|1|020205||20,000|UN|3143,05|0,00|1|160|2403|0000000002|0,00|0,00|0,00|0,00|0,00|0,00||||0,00|0,00|0,00||||||||||||||
|C170|2|020210||20,000|UN|1788,00|0,00|1|160|2403|0000000002|0,00|0,00|0,00|0,00|0,00|0,00||||0,00|0,00|0,00||||||||||||||
|C170|3|020216||35,000|UN|3109,33|0,00|1|160|2403|0000000002|0,00|0,00|0,00|0,00|0,00|0,00||||0,00|0,00|0,00||||||||||||||
|C190|160|2403|0,00|8442,40|0,00|0,00|0,00|0,00|0,00|0,00||
|C195|47||
|C100|0|1|F07044297000136|55|00|1|111950|23181207044297000136550010001119501111028126|28122018|28122018|155,00|1|0,00|0,00|155,00|2|0,00|0,00|0,00|0,00|0,00|0,00|0,00|0,00|0,00|0,00|||
|C170|1|020161||1,000|UN|155,00|0,00|1|060|1556|0000000003|0,00|0,00|0,00|0,00|0,00|0,00||||0,00|0,00|0,00||||||||||||||
|C190|060|1556|0,00|155,00|0,00|0,00|0,00|0,00|0,00|0,00||
|C195|48||
|C100|0|0|F00749590343|55|00|4|38639|23181214045341000198550040000386391155869115|28122018|28122018|1100,00|2|31,46|0,00|1131,46|1|0,00|0,00|0,00|0,00|0,00|0,00|0,00|0,00|7,15|33,00|||
|C110|22||
|C113|1|0|C00749590343|55|4||38460|18122018|23181214045341000198550040000384601196783056|
|C190|060|1411|0,00|263,90|0,00|0,00|0,00|0,00|0,00|0,00||
|C190|260|1411|0,00|836,10|0,00|0,00|0,00|0,00|0,00|0,00||
|C100|0|0|F10369501829|55|00|4|38640|23181214045341000198550040000386401173061257|28122018|28122018|2000,00|2|0,00|0,00|2000,00|1|0,00|0,00|0,00|0,00|0,00|0,00|0,00|0,00|13,00|60,00|||
|C110|23||
|C113|1|0|C10369501829|55|4||38228|03122018|23181214045341000198550040000382281014152839|
|C190|060|1411|0,00|2000,00|0,00|0,00|0,00|0,00|0,00|0,00||
|C100|0|0|F05956560304|55|00|4|38671|23181214045341000198550040000386711615532744|31122018|31122018|590,00|2|0,00|0,00|590,00|1|0,00|0,00|0,00|0,00|0,00|0,00|0,00|0,00|3,84|17,70|||
|C110|24||
|C113|1|0|C05956560304|55|4||38470|18122018|23181214045341000198550040000384701466666339|
|C190|060|1411|0,00|590,00|0,00|0,00|0,00|0,00|0,00|0,00||
|C100|0|0|F42001811268|55|00|4|38675|23181214045341000198550040000386751689443515|31122018|31122018|1991,82|2|0,00|0,00|1991,82|1|0,00|0,00|0,00|0,00|0,00|0,00|0,00|0,00|12,95|59,75|||
|C110|25||
|C113|1|0|C42001811268|55|4||38663|30122018|23181214045341000198550040000386631608942540|
|C190|060|1411|0,00|1991,82|0,00|0,00|0,00|0,00|0,00|0,00||
|C100|1|0|C13221067704|55|00|4|38227|23181214045341000198550040000382271463729982|03122018|03122018|400,00|2|3,56|0,00|403,56|1|0,00|0,00|0,00|0,00|0,00|0,00|0,00|0,00|2,60|12,00|||
|C110|26||
|C190|000|5929|0,00|400,00|0,00|0,00|0,00|0,00|0,00|0,00||
|C100|1|0|C10369501829|55|00|4|38228|23181214045341000198550040000382281014152839|03122018|03122018|2000,00|2|0,00|0,00|2000,00|1|0,00|0,00|0,00|0,00|0,00|0,00|0,00|0,00|13,00|60,00|||
|C110|27||
|C190|000|5929|0,00|2000,00|0,00|0,00|0,00|0,00|0,00|0,00||
|C100|1|0|C41597303000544|55|00|4|38229|23181214045341000198550040000382291305747496|04122018|04122018|311,23|2|0,00|0,00|311,23|1|0,00|0,00|0,00|0,00|0,00|0,00|0,00|0,00|2,02|9,34|||
|C190|060|5403|0,00|311,23|0,00|0,00|0,00|0,00|0,00|0,00||
|C100|1|0|C08188580368|55|00|4|38230|23181214045341000198550040000382301767671980|04122018|04122018|260,00|2|0,00|0,00|260,00|1|0,00|0,00|0,00|0,00|0,00|0,00|0,00|0,00|1,69|7,80|||
|C110|28||
|C190|000|5929|0,00|260,00|0,00|0,00|0,00|0,00|0,00|0,00||
|C100|1|0|C50160524334|55|00|4|38231|23181214045341000198550040000382311346615894|04122018|04122018|700,00|2|0,00|0,00|700,00|1|0,00|0,00|0,00|0,00|0,00|0,00|0,00|0,00|4,55|21,00|||
|C110|29||
|C190|260|5929|0,00|700,00|0,00|0,00|0,00|0,00|0,00|0,00||
|C100|1|0|C41597303000544|55|00|4|38233|23181214045341000198550040000382331292833664|04122018|04122018|255,31|2|0,00|0,00|255,31|1|0,00|0,00|0,00|0,00|0,00|0,00|0,00|0,00|1,66|7,66|||
|C190|060|5403|0,00|255,31|0,00|0,00|0,00|0,00|0,00|0,00||
|C100|1|0|C41597303000625|55|00|4|38234|23181214045341000198550040000382341577186362|04122018|04122018|394,15|2|0,00|0,00|394,15|1|0,00|0,00|0,00|0,00|0,00|0,00|0,00|0,00|2,56|11,82|||
|C190|060|5403|0,00|394,15|0,00|0,00|0,00|0,00|0,00|0,00||
|C100|1|0|C41597303000625|55|00|4|38235|23181214045341000198550040000382351587870727|04122018|04122018|394,15|2|0,00|0,00|394,15|1|0,00|0,00|0,00|0,00|0,00|0,00|0,00|0,00|2,56|11,82|||
|C190|060|5403|0,00|394,15|0,00|0,00|0,00|0,00|0,00|0,00||
|C100|1|0|C19129572304|55|00|4|38236|23181214045341000198550040000382361523640809|04122018|04122018|1060,00|2|0,00|0,00|1060,00|1|0,00|0,00|0,00|0,00|0,00|0,00|0,00|0,00|6,89|31,80|||
|C110|30||
|C190|260|5929|0,00|1060,00|0,00|0,00|0,00|0,00|0,00|0,00||
|C100|1|0|C19129572304|55|00|4|38237|23181214045341000198550040000382371552953434|04122018|04122018|2400,00|2|107,78|0,00|2507,78|1|0,00|0,00|0,00|0,00|0,00|0,00|0,00|0,00|15,60|72,00|||
|C110|31||
|C190|000|5929|0,00|1666,61|0,00|0,00|0,00|0,00|0,00|0,00||
|C190|060|5403|0,00|733,39|0,00|0,00|0,00|0,00|0,00|0,00||
|C100|1|0|C31388728320|55|00|4|38238|23181214045341000198550040000382381395431069|04122018|04122018|1990,00|2|62,20|0,00|2052,20|1|0,00|0,00|0,00|0,00|0,00|0,00|0,00|0,00|12,94|59,70|||
|C110|32||
|C190|000|5929|0,00|1197,75|0,00|0,00|0,00|0,00|0,00|0,00||
|C190|260|5929|0,00|792,25|0,00|0,00|0,00|0,00|0,00|0,00||
|C100|1|0|C38399954349|55|00|4|38239|23181214045341000198550040000382391055409331|04122018|04122018|2080,00|2|80,00|0,00|2160,00|1|0,00|0,00|0,00|0,00|0,00|0,00|0,00|0,00|13,52|62,41|||
|C110|33||
|C190|000|5929|0,00|1261,48|0,00|0,00|0,00|0,00|0,00|0,00||
|C190|060|5403|0,00|818,52|0,00|0,00|0,00|0,00|0,00|0,00||
|C100|1|0|C78437431387|55|00|4|38240|23181214045341000198550040000382401683339123|04122018|04122018|2000,00|2|12,97|0,00|2012,97|1|0,00|0,00|0,00|0,00|0,00|0,00|0,00|0,00|13,00|60,00|||
|C110|34||
|C190|000|5929|0,00|2000,00|0,00|0,00|0,00|0,00|0,00|0,00||
|C100|1|0|C78437431387|55|00|4|38241|23181214045341000198550040000382411163619820|04122018|04122018|950,00|2|2,92|0,00|952,92|1|0,00|0,00|0,00|0,00|0,00|0,00|0,00|0,00|6,18|28,50|||
|C110|35||
|C190|260|5929|0,00|950,00|0,00|0,00|0,00|0,00|0,00|0,00||
|C100|1|0|C63959020325|55|00|4|38242|23181214045341000198550040000382421020379172|04122018|04122018|1400,00|2|0,00|0,00|1400,00|1|0,00|0,00|0,00|0,00|0,00|0,00|0,00|0,00|9,10|42,00|||
|C110|36||
|C190|000|5929|0,00|1400,00|0,00|0,00|0,00|0,00|0,00|0,00||
|C100|1|0|C02705302310|55|00|4|38243|23181214045341000198550040000382431591941643|04122018|04122018|2180,00|2|9,25|0,00|2189,25|1|0,00|0,00|0,00|0,00|0,00|0,00|0,00|0,00|14,17|65,40|||
|C110|37||
|C190|000|5929|0,00|468,01|0,00|0,00|0,00|0,00|0,00|0,00||
|C190|060|5403|0,00|763,10|0,00|0,00|0,00|0,00|0,00|0,00||
|C190|260|5929|0,00|948,89|0,00|0,00|0,00|0,00|0,00|0,00||
|C100|1|0|C70030529700|55|00|4|38244|23181214045341000198550040000382441193514386|04122018|04122018|400,00|2|0,00|0,00|400,00|1|0,00|0,00|0,00|0,00|0,00|0,00|0,00|0,00|2,60|12,00|||
|C110|38||
|C190|000|5929|0,00|400,00|0,00|0,00|0,00|0,00|0,00|0,00||
|C100|1|0|C13206877415|55|00|4|38245|23181214045341000198550040000382451694837991|04122018|04122018|300,00|2|13,02|0,00|313,02|1|0,00|0,00|0,00|0,00|0,00|0,00|0,00|0,00|1,95|9,00|||
|C110|39||
|C190|000|5929|0,00|300,00|0,00|0,00|0,00|0,00|0,00|0,00||
|C100|1|0|C31388728320|55|00|4|38246|23181214045341000198550040000382461792046791|04122018|04122018|2080,00|2|80,00|0,00|2160,00|1|0,00|0,00|0,00|0,00|0,00|0,00|0,00|0,00|13,52|62,41|||
|C110|40||
|C190|000|5929|0,00|1261,48|0,00|0,00|0,00|0,00|0,00|0,00||
|C190|060|5403|0,00|818,52|0,00|0,00|0,00|0,00|0,00|0,00||
|C100|1|0|C00098485334|55|00|4|38247|23181214045341000198550040000382471097499462|04122018|04122018|690,00|2|1,61|0,00|691,61|1|0,00|0,00|0,00|0,00|0,00|0,00|0,00|0,00|4,49|20,70|||
|C110|41||
|C190|060|5403|0,00|690,00|0,00|0,00|0,00|0,00|0,00|0,00||
|C100|1|0|C21374457353|55|00|4|38248|23181214045341000198550040000382481013255351|04122018|04122018|3000,00|2|193,48|0,00|3193,48|1|0,00|0,00|0,00|0,00|0,00|0,00|0,00|0,00|19,50|90,00|||
|C110|42||
|C190|000|5929|0,00|2382,78|0,00|0,00|0,00|0,00|0,00|0,00||
|C190|060|5403|0,00|617,22|0,00|0,00|0,00|0,00|0,00|0,00||
|C100|1|0|C46187375300|55|00|4|38249|23181214045341000198550040000382491333906164|04122018|04122018|1810,00|2|22,94|0,00|1832,94|1|0,00|0,00|0,00|0,00|0,00|0,00|0,00|0,00|11,77|54,30|||
|C110|43||
|C190|000|5929|0,00|1810,00|0,00|0,00|0,00|0,00|0,00|0,00||
|C100|1|0|C16584597334|55|00|4|38250|23181214045341000198550040000382501646235405|04122018|04122018|890,00|2|4,72|0,00|894,72|1|0,00|0,00|0,00|0,00|0,00|0,00|0,00|0,00|5,79|26,70|||
|C110|44||
|C190|400|5929|0,00|890,00|0,00|0,00|0,00|0,00|0,00|0,00||
|C100|1|0|C99997150368|55|00|4|38251|23181214045341000198550040000382511447837801|04122018|04122018|1000,00|2|60,00|0,00|1060,00|1|0,00|0,00|0,00|0,00|0,00|0,00|0,00|0,00|6,50|30,00|||
|C110|45||
|C190|260|5929|0,00|1000,00|0,00|0,00|0,00|0,00|0,00|0,00||
|C100|1|0|C99997150368|55|00|4|38252|23181214045341000198550040000382521378530894|04122018|04122018|850,00|2|0,00|0,00|850,00|1|0,00|0,00|0,00|0,00|0,00|0,00|0,00|0,00|5,53|25,50|||
|C110|46||
|C190|060|5403|0,00|850,00|0,00|0,00|0,00|0,00|0,00|0,00||
|C100|1|0|C42296935320|55|00|4|38253|23181214045341000198550040000382531509903734|04122018|04122018|1700,00|2|0,00|0,00|1700,00|1|0,00|0,00|0,00|0,00|0,00|0,00|0,00|0,00|11,06|51,00|||
|C110|47||
|C190|000|5929|0,00|470,00|0,00|0,00|0,00|0,00|0,00|0,00||
|C190|060|5403|0,00|850,00|0,00|0,00|0,00|0,00|0,00|0,00||
|C190|060|5929|0,00|380,00|0,00|0,00|0,00|0,00|0,00|0,00||
|C100|1|0|C12585076415|55|00|4|38254|23181214045341000198550040000382541128814814|04122018|04122018|6400,00|2|24,26|0,00|6424,26|1|0,00|0,00|0,00|0,00|0,00|0,00|0,00|0,00|41,60|192,00|||
|C110|48||
|C190|000|5929|0,00|4882,03|0,00|0,00|0,00|0,00|0,00|0,00||
|C190|260|5929|0,00|1517,97|0,00|0,00|0,00|0,00|0,00|0,00||
|C100|1|0|C05325138359|55|00|4|38255|23181214045341000198550040000382551146153317|04122018|04122018|1290,00|2|26,61|0,00|1316,61|1|0,00|0,00|0,00|0,00|0,00|0,00|0,00|0,00|8,39|38,70|||
|C110|49||
|C190|000|5929|0,00|496,37|0,00|0,00|0,00|0,00|0,00|0,00||
|C190|060|5403|0,00|793,63|0,00|0,00|0,00|0,00|0,00|0,00||
|C100|1|0|C11750022320|55|00|4|38256|23181214045341000198550040000382561659505639|04122018|04122018|3290,00|2|109,17|0,00|3399,17|1|0,00|0,00|0,00|0,00|0,00|0,00|0,00|0,00|21,39|98,69|||
|C110|50||
|C190|000|5929|0,00|2997,61|0,00|0,00|0,00|0,00|0,00|0,00||
|C190|060|5929|0,00|292,39|0,00|0,00|0,00|0,00|0,00|0,00||
|C100|1|0|C41597303000544|55|00|4|38258|23181214045341000198550040000382581150316057|04122018|04122018|329,29|2|0,00|0,00|329,29|1|0,00|0,00|0,00|0,00|0,00|0,00|0,00|0,00|2,14|9,88|||
|C190|060|5403|0,00|329,29|0,00|0,00|0,00|0,00|0,00|0,00||
|C100|1|0|C14809659000106|55|00|4|38259|23181214045341000198550040000382591933949995|04122018|04122018|290,00|2|3,21|0,00|293,21|1|0,00|0,00|0,00|0,00|0,00|0,00|0,00|0,00|1,89|8,70|||
|C190|060|5403|0,00|290,00|0,00|0,00|0,00|0,00|0,00|0,00||
|C100|1|0|C41597303000544|55|00|4|38260|23181214045341000198550040000382601713083663|04122018|04122018|419,92|2|0,00|0,00|419,92|1|0,00|0,00|0,00|0,00|0,00|0,00|0,00|0,00|2,73|12,60|||
|C190|060|5403|0,00|419,92|0,00|0,00|0,00|0,00|0,00|0,00||
|C100|1|0|C14809659000106|55|00|4|38261|23181214045341000198550040000382611704120605|04122018|04122018|290,00|2|3,21|0,00|293,21|1|0,00|0,00|0,00|0,00|0,00|0,00|0,00|0,00|1,89|8,70|||
|C190|060|5403|0,00|290,00|0,00|0,00|0,00|0,00|0,00|0,00||
|C100|1|0|C62361848368|55|00|4|38262|23181214045341000198550040000382621429002292|04122018|04122018|260,00|2|4,18|0,00|264,18|1|0,00|0,00|0,00|0,00|0,00|0,00|0,00|0,00|1,69|7,80|||
|C110|51||
|C190|060|5929|0,00|260,00|0,00|0,00|0,00|0,00|0,00|0,00||
|C100|1|0|C09051660359|55|00|4|38263|23181214045341000198550040000382631968201949|04122018|04122018|2000,00|2|63,43|0,00|2063,43|1|0,00|0,00|0,00|0,00|0,00|0,00|0,00|0,00|13,00|60,00|||
|C110|52||
|C190|000|5929|0,00|2000,00|0,00|0,00|0,00|0,00|0,00|0,00||
|C100|1|0|C35374848879|55|00|4|38264|23181214045341000198550040000382641115050965|04122018|04122018|3290,00|2|109,17|0,00|3399,17|1|0,00|0,00|0,00|0,00|0,00|0,00|0,00|0,00|21,39|98,69|||
|C110|53||
|C190|000|5929|0,00|2997,61|0,00|0,00|0,00|0,00|0,00|0,00||
|C190|060|5929|0,00|292,39|0,00|0,00|0,00|0,00|0,00|0,00||
|C100|1|0|C14045341000279|55|00|4|38265|23181214045341000198550040000382651871502132|05122018|05122018|256,52|2|0,00|0,00|256,52|0|0,00|0,00|0,00|256,52|30,78|0,00|0,00|0,00|0,00|0,00|||
|C190|000|6409|12,00|256,52|256,52|30,78|0,00|0,00|0,00|0,00||
|C100|1|0|C07462875000154|55|00|4|38266|23181214045341000198550040000382661188188171|05122018|05122018|241,00|2|0,00|0,00|241,00|1|0,00|0,00|0,00|0,00|0,00|0,00|0,00|0,00|1,57|7,23|||
|C190|060|5403|0,00|241,00|0,00|0,00|0,00|0,00|0,00|0,00||
|C100|1|0|C32133383387|55|00|4|38267|23181214045341000198550040000382671529918937|05122018|05122018|5000,00|2|59,13|0,00|5059,13|1|0,00|0,00|0,00|0,00|0,00|0,00|0,00|0,00|32,50|150,00|||
|C110|54||
|C190|000|5929|0,00|4701,43|0,00|0,00|0,00|0,00|0,00|0,00||
|C190|060|5929|0,00|298,57|0,00|0,00|0,00|0,00|0,00|0,00||
|C100|1|0|C43048064320|55|00|4|38268|23181214045341000198550040000382681497202769|05122018|05122018|1000,00|2|73,31|0,00|1073,31|1|0,00|0,00|0,00|0,00|0,00|0,00|0,00|0,00|6,50|30,00|||
|C110|55||
|C190|000|5929|0,00|1000,00|0,00|0,00|0,00|0,00|0,00|0,00||
|C100|1|0|C07199805000155|55|00|4|38269|23181214045341000198550040000382691447048151|05122018|05122018|2900,00|2|111,60|0,00|3011,60|1|0,00|0,00|0,00|0,00|0,00|0,00|0,00|0,00|18,85|86,99|||
|C190|060|5403|0,00|2900,00|0,00|0,00|0,00|0,00|0,00|0,00||
|C100|1|0|C72566367000188|55|00|4|38270|23181214045341000198550040000382701588532999|05122018|05122018|6500,00|2|53,82|0,00|6553,82|1|0,00|0,00|0,00|0,00|0,00|0,00|0,00|0,00|42,25|195,00|||
|C190|060|5403|0,00|4909,25|0,00|0,00|0,00|0,00|0,00|0,00||
|C190|260|5403|0,00|1590,75|0,00|0,00|0,00|0,00|0,00|0,00||
|C100|1|0|C18008859000102|55|00|4|38271|23181214045341000198550040000382711066433821|05122018|05122018|1600,00|2|7,77|0,00|1607,77|1|0,00|0,00|0,00|0,00|0,00|0,00|0,00|0,00|10,40|48,00|||
|C190|060|5403|0,00|1600,00|0,00|0,00|0,00|0,00|0,00|0,00||
|C100|1|0|C05531239000101|55|00|4|38272|23181214045341000198550040000382721877900908|05122018|05122018|6500,00|2|0,00|0,00|6500,00|1|0,00|0,00|0,00|0,00|0,00|0,00|0,00|0,00|42,25|195,00|||
|C190|060|5403|0,00|340,00|0,00|0,00|0,00|0,00|0,00|0,00||
|C190|260|5403|0,00|6160,00|0,00|0,00|0,00|0,00|0,00|0,00||
|C100|1|0|C41597303000625|55|00|4|38273|23181214045341000198550040000382731142951616|05122018|05122018|311,23|2|0,00|0,00|311,23|1|0,00|0,00|0,00|0,00|0,00|0,00|0,00|0,00|2,02|9,34|||
|C190|060|5403|0,00|311,23|0,00|0,00|0,00|0,00|0,00|0,00||
|C100|1|0|C41597303000625|55|00|4|38274|23181214045341000198550040000382741246283455|05122018|05122018|311,23|2|0,00|0,00|311,23|1|0,00|0,00|0,00|0,00|0,00|0,00|0,00|0,00|2,02|9,34|||
|C190|060|5403|0,00|311,23|0,00|0,00|0,00|0,00|0,00|0,00||
|C100|1|0|C41597303000625|55|00|4|38275|23181214045341000198550040000382751600843983|05122018|05122018|873,04|2|0,00|0,00|873,04|1|0,00|0,00|0,00|0,00|0,00|0,00|0,00|0,00|5,67|26,19|||
|C190|060|5403|0,00|873,04|0,00|0,00|0,00|0,00|0,00|0,00||
|C100|1|0|C41597303000625|55|00|4|38276|23181214045341000198550040000382761550702289|05122018|05122018|179,58|2|0,00|0,00|179,58|1|0,00|0,00|0,00|0,00|0,00|0,00|0,00|0,00|1,17|5,39|||
|C190|060|5403|0,00|179,58|0,00|0,00|0,00|0,00|0,00|0,00||
|C100|1|0|C79727433391|55|00|4|38277|23181214045341000198550040000382771373015885|05122018|05122018|1215,00|2|85,00|0,00|1300,00|1|0,00|0,00|0,00|0,00|0,00|0,00|0,00|0,00|7,89|36,44|||
|C110|56||
|C190|000|5929|0,00|859,84|0,00|0,00|0,00|0,00|0,00|0,00||
|C190|060|5929|0,00|355,16|0,00|0,00|0,00|0,00|0,00|0,00||
|C100|1|0|C08985553453|55|00|4|38278|23181214045341000198550040000382781038415211|05122018|05122018|1050,00|2|10,00|0,00|1060,00|1|0,00|0,00|0,00|0,00|0,00|0,00|0,00|0,00|6,83|31,50|||
|C110|57||
|C190|260|5929|0,00|1050,00|0,00|0,00|0,00|0,00|0,00|0,00||
|C100|1|0|C63008875378|55|00|4|38279|23181214045341000198550040000382791328172050|05122018|05122018|2000,00|2|12,97|0,00|2012,97|1|0,00|0,00|0,00|0,00|0,00|0,00|0,00|0,00|13,00|60,00|||
|C110|58||
|C190|000|5929|0,00|2000,00|0,00|0,00|0,00|0,00|0,00|0,00||
|C100|1|0|C18896758300|55|00|4|38280|23181214045341000198550040000382801808774909|05122018|05122018|319,00|2|11,00|0,00|330,00|1|0,00|0,00|0,00|0,00|0,00|0,00|0,00|0,00|2,07|9,57|||
|C110|59||
|C190|000|5929|0,00|319,00|0,00|0,00|0,00|0,00|0,00|0,00||
|C100|1|0|C92853013391|55|00|4|38281|23181214045341000198550040000382811710970227|05122018|05122018|6400,00|2|120,00|0,00|6520,00|1|0,00|0,00|0,00|0,00|0,00|0,00|0,00|0,00|41,60|192,00|||
|C110|60||
|C190|000|5929|0,00|2169,33|0,00|0,00|0,00|0,00|0,00|0,00||
|C190|260|5929|0,00|4230,67|0,00|0,00|0,00|0,00|0,00|0,00||
|C100|1|0|C02011238358|55|00|4|38282|23181214045341000198550040000382821668291450|05122018|05122018|398,28|2|14,91|0,00|413,19|1|0,00|0,00|0,00|0,00|0,00|0,00|0,00|0,00|2,59|11,95|||
|C110|61||
|C190|000|5929|0,00|398,28|0,00|0,00|0,00|0,00|0,00|0,00||
|C100|1|0|C50743449304|55|00|4|38283|23181214045341000198550040000382831688817896|05122018|05122018|528,00|2|24,17|0,00|552,17|1|0,00|0,00|0,00|0,00|0,00|0,00|0,00|0,00|3,43|15,84|||
|C110|62||
|C190|000|5929|0,00|528,00|0,00|0,00|0,00|0,00|0,00|0,00||
|C100|1|0|C81997884372|55|00|4|38284|23181214045341000198550040000382841222038147|05122018|05122018|1270,00|2|34,29|0,00|1304,29|1|0,00|0,00|0,00|0,00|0,00|0,00|0,00|0,00|8,25|38,10|||
|C110|63||
|C190|000|5929|0,00|1270,00|0,00|0,00|0,00|0,00|0,00|0,00||
|C100|1|0|C54553920344|55|00|4|38285|23181214045341000198550040000382851596011016|05122018|05122018|279,00|2|0,00|0,00|279,00|1|0,00|0,00|0,00|0,00|0,00|0,00|0,00|0,00|1,81|8,37|||
|C110|64||
|C190|000|5929|0,00|279,00|0,00|0,00|0,00|0,00|0,00|0,00||
|C100|1|0|C99952661304|55|00|4|38286|23181214045341000198550040000382861637132901|06122018|06122018|1950,00|2|0,00|0,00|1950,00|1|0,00|0,00|0,00|0,00|0,00|0,00|0,00|0,00|12,68|58,50|||
|C110|65||
|C190|000|5929|0,00|890,00|0,00|0,00|0,00|0,00|0,00|0,00||
|C190|260|5929|0,00|1060,00|0,00|0,00|0,00|0,00|0,00|0,00||
|C100|1|0|C22192913320|55|00|4|38287|23181214045341000198550040000382871913742192|06122018|06122018|700,00|2|50,00|0,00|750,00|1|0,00|0,00|0,00|0,00|0,00|0,00|0,00|0,00|4,55|21,00|||
|C110|66||
|C190|000|5929|0,00|700,00|0,00|0,00|0,00|0,00|0,00|0,00||
|C100|1|0|C60564353345|55|00|4|38288|23181214045341000198550040000382881815430355|06122018|06122018|800,00|2|17,01|0,00|817,01|1|0,00|0,00|0,00|0,00|0,00|0,00|0,00|0,00|5,20|24,00|||
|C110|67||
|C190|260|5929|0,00|800,00|0,00|0,00|0,00|0,00|0,00|0,00||
|C100|1|0|C08196044372|55|00|4|38289|23181214045341000198550040000382891482753527|06122018|06122018|600,00|2|3,05|0,00|603,05|1|0,00|0,00|0,00|0,00|0,00|0,00|0,00|0,00|3,90|18,00|||
|C110|68||
|C190|000|5929|0,00|600,00|0,00|0,00|0,00|0,00|0,00|0,00||
|C100|1|0|C01859648000261|55|00|4|38290|23181214045341000198550040000382901834295849|06122018|06122018|463,23|2|0,00|0,00|372,19|1|0,00|0,00|0,00|372,19|26,05|547,12|72,43|0,00|0,00|0,00|||
|C110|69||
|C190|010|6949|7,00|463,23|372,19|26,05|547,12|72,43|0,00|0,00||
|C100|1|0|C41597303000544|55|00|4|38291|23181214045341000198550040000382911145139260|06122018|06122018|233,42|2|0,00|0,00|233,42|1|0,00|0,00|0,00|0,00|0,00|0,00|0,00|0,00|1,52|7,00|||
|C190|060|5403|0,00|233,42|0,00|0,00|0,00|0,00|0,00|0,00||
|C100|1|0|C07462875000154|55|00|4|38292|23181214045341000198550040000382921327497470|06122018|06122018|1550,00|2|0,00|0,00|1550,00|1|0,00|0,00|0,00|0,00|0,00|0,00|0,00|0,00|10,08|46,50|||
|C190|260|5403|0,00|1550,00|0,00|0,00|0,00|0,00|0,00|0,00||
|C100|1|0|C09833480306|55|00|4|38293|23181214045341000198550040000382931867570379|06122018|06122018|4599,00|2|0,31|0,00|4599,31|1|0,00|0,00|0,00|0,00|0,00|0,00|0,00|0,00|29,88|137,97|||
|C110|70||
|C190|000|5929|0,00|3589,07|0,00|0,00|0,00|0,00|0,00|0,00||
|C190|060|5403|0,00|809,94|0,00|0,00|0,00|0,00|0,00|0,00||
|C190|060|5929|0,00|199,99|0,00|0,00|0,00|0,00|0,00|0,00||
|C100|1|0|C24550868368|55|00|4|38294|23181214045341000198550040000382941234002246|06122018|06122018|765,00|2|1,33|0,00|766,33|1|0,00|0,00|0,00|0,00|0,00|0,00|0,00|0,00|4,97|22,95|||
|C110|71||
|C190|060|5403|0,00|765,00|0,00|0,00|0,00|0,00|0,00|0,00||
|C100|1|0|C21027706304|55|00|4|38295|23181214045341000198550040000382951269789410|06122018|06122018|1424,00|2|21,87|0,00|1445,87|1|0,00|0,00|0,00|0,00|0,00|0,00|0,00|0,00|9,26|42,72|||
|C110|72||
|C190|000|5929|0,00|1424,00|0,00|0,00|0,00|0,00|0,00|0,00||
|C100|1|0|C04201112390|55|00|4|38296|23181214045341000198550040000382961083319461|06122018|06122018|3500,00|2|174,70|0,00|3674,70|1|0,00|0,00|0,00|0,00|0,00|0,00|0,00|0,00|22,75|105,00|||
|C110|73||
|C190|000|5929|0,00|3309,51|0,00|0,00|0,00|0,00|0,00|0,00||
|C190|060|5929|0,00|190,49|0,00|0,00|0,00|0,00|0,00|0,00||
|C100|1|0|C41723384372|55|00|4|38297|23181214045341000198550040000382971656216094|06122018|06122018|1000,00|2|26,92|0,00|1026,92|1|0,00|0,00|0,00|0,00|0,00|0,00|0,00|0,00|6,50|30,00|||
|C110|74||
|C190|000|5929|0,00|1000,00|0,00|0,00|0,00|0,00|0,00|0,00||
|C100|1|0|C88660850815|55|00|4|38298|23181214045341000198550040000382981958308240|06122018|06122018|800,00|2|50,00|0,00|850,00|1|0,00|0,00|0,00|0,00|0,00|0,00|0,00|0,00|5,20|24,00|||
|C110|75||
|C190|060|5403|0,00|800,00|0,00|0,00|0,00|0,00|0,00|0,00||
|C100|1|0|C23335866304|55|00|4|38299|23181214045341000198550040000382991463698563|06122018|06122018|850,00|2|0,00|0,00|850,00|1|0,00|0,00|0,00|0,00|0,00|0,00|0,00|0,00|5,53|25,50|||
|C110|76||
|C190|060|5403|0,00|850,00|0,00|0,00|0,00|0,00|0,00|0,00||
|C100|1|0|C09070532700|55|00|4|38300|23181214045341000198550040000383001249721749|06122018|06122018|550,00|2|82,63|0,00|632,63|1|0,00|0,00|0,00|0,00|0,00|0,00|0,00|0,00|3,57|16,50|||
|C110|77||
|C190|000|5929|0,00|550,00|0,00|0,00|0,00|0,00|0,00|0,00||
|C100|1|0|C38022605387|55|00|4|38301|23181214045341000198550040000383011626685856|07122018|07122018|700,00|2|50,00|0,00|750,00|1|0,00|0,00|0,00|0,00|0,00|0,00|0,00|0,00|4,55|21,00|||
|C110|78||
|C190|000|5929|0,00|700,00|0,00|0,00|0,00|0,00|0,00|0,00||
|C100|1|0|C38022605387|55|00|4|38302|23181214045341000198550040000383021162613957|07122018|07122018|300,00|2|8,13|0,00|308,13|1|0,00|0,00|0,00|0,00|0,00|0,00|0,00|0,00|1,95|9,00|||
|C110|79||
|C190|060|5929|0,00|300,00|0,00|0,00|0,00|0,00|0,00|0,00||
|C100|1|0|C15288334000180|55|00|4|38303|23181214045341000198550040000383031215392221|07122018|07122018|79,62|2|0,00|0,00|79,62|1|0,00|0,00|0,00|0,00|0,00|0,00|0,00|0,00|0,52|2,39|||
|C190|060|5910|0,00|79,62|0,00|0,00|0,00|0,00|0,00|0,00||
|C100|1|0|C06474970340|55|00|4|38304|23181214045341000198550040000383041415012349|07122018|07122018|550,00|2|82,63|0,00|632,63|1|0,00|0,00|0,00|0,00|0,00|0,00|0,00|0,00|3,57|16,50|||
|C110|80||
|C190|000|5929|0,00|550,00|0,00|0,00|0,00|0,00|0,00|0,00||
|C100|1|0|C09003975353|55|00|4|38305|23181214045341000198550040000383051258541746|07122018|07122018|4100,00|2|0,00|0,00|4100,00|1|0,00|0,00|0,00|0,00|0,00|0,00|0,00|0,00|26,66|123,00|||
|C110|81||
|C190|000|5929|0,00|2290,00|0,00|0,00|0,00|0,00|0,00|0,00||
|C190|260|5929|0,00|1810,00|0,00|0,00|0,00|0,00|0,00|0,00||
|C100|1|0|C16639804387|55|00|4|38306|23181214045341000198550040000383061773471237|07122018|07122018|1090,00|2|6,64|0,00|1096,64|1|0,00|0,00|0,00|0,00|0,00|0,00|0,00|0,00|7,09|32,70|||
|C110|82||
|C190|000|5929|0,00|1090,00|0,00|0,00|0,00|0,00|0,00|0,00||
|C100|1|0|C91325404349|55|00|4|38307|23181214045341000198550040000383071228329794|07122018|07122018|950,00|2|2,92|0,00|952,92|1|0,00|0,00|0,00|0,00|0,00|0,00|0,00|0,00|6,18|28,50|||
|C110|83||
|C190|260|5929|0,00|950,00|0,00|0,00|0,00|0,00|0,00|0,00||
|C100|1|0|C17287073315|55|00|4|38308|23181214045341000198550040000383081122672298|07122018|07122018|900,00|2|0,76|0,00|900,76|1|0,00|0,00|0,00|0,00|0,00|0,00|0,00|0,00|5,85|27,00|||
|C110|84||
|C190|000|5929|0,00|900,00|0,00|0,00|0,00|0,00|0,00|0,00||
|C100|1|0|C07739107000103|55|00|4|38310|23181214045341000198550040000383101637036268|10122018|10122018|935,00|2|13,17|0,00|948,17|1|0,00|0,00|0,00|0,00|0,00|0,00|0,00|0,00|6,08|28,05|||
|C190|060|5403|0,00|935,00|0,00|0,00|0,00|0,00|0,00|0,00||
|C100|1|0|C41597303000544|55|00|4|38311|23181214045341000198550040000383111858219613|10122018|10122018|179,58|2|0,00|0,00|179,58|1|0,00|0,00|0,00|0,00|0,00|0,00|0,00|0,00|1,17|5,39|||
|C190|060|5403|0,00|179,58|0,00|0,00|0,00|0,00|0,00|0,00||
|C100|1|0|C17122593000161|55|00|4|38312|23181214045341000198550040000383121871018852|10122018|10122018|4000,00|2|113,15|0,00|4113,15|1|0,00|0,00|0,00|0,00|0,00|0,00|0,00|0,00|26,00|120,00|||
|C190|060|5403|0,00|944,09|0,00|0,00|0,00|0,00|0,00|0,00||
|C190|260|5403|0,00|3055,91|0,00|0,00|0,00|0,00|0,00|0,00||
|C100|1|0|C00727151380|55|00|4|38313|23181214045341000198550040000383131468695288|10122018|10122018|1790,00|2|41,68|0,00|1831,68|1|0,00|0,00|0,00|0,00|0,00|0,00|0,00|0,00|11,64|53,70|||
|C110|85||
|C190|000|5929|0,00|1473,03|0,00|0,00|0,00|0,00|0,00|0,00||
|C190|060|5929|0,00|316,97|0,00|0,00|0,00|0,00|0,00|0,00||
|C100|1|0|C22961356334|55|00|4|38314|23181214045341000198550040000383141371816290|10122018|10122018|600,00|2|50,00|0,00|650,00|1|0,00|0,00|0,00|0,00|0,00|0,00|0,00|0,00|3,90|18,00|||
|C110|86||
|C190|000|5929|0,00|360,00|0,00|0,00|0,00|0,00|0,00|0,00||
|C190|060|5929|0,00|240,00|0,00|0,00|0,00|0,00|0,00|0,00||
|C100|1|0|C96522321300|55|00|4|38315|23181214045341000198550040000383151681285681|10122018|10122018|700,00|2|28,01|0,00|728,01|1|0,00|0,00|0,00|0,00|0,00|0,00|0,00|0,00|4,55|21,00|||
|C110|87||
|C190|060|5403|0,00|700,00|0,00|0,00|0,00|0,00|0,00|0,00||
|C100|1|0|C23450398334|55|00|4|38316|23181214045341000198550040000383161389430658|10122018|10122018|900,00|2|0,76|0,00|900,76|1|0,00|0,00|0,00|0,00|0,00|0,00|0,00|0,00|5,85|27,00|||
|C110|88||
|C190|000|5929|0,00|900,00|0,00|0,00|0,00|0,00|0,00|0,00||
|C100|1|0|C20955430330|55|00|4|38317|23181214045341000198550040000383171753407430|10122018|10122018|1500,00|2|106,92|0,00|1606,92|1|0,00|0,00|0,00|0,00|0,00|0,00|0,00|0,00|9,75|45,01|||
|C110|89||
|C190|000|5929|0,00|1482,14|0,00|0,00|0,00|0,00|0,00|0,00||
|C190|060|5929|0,00|17,86|0,00|0,00|0,00|0,00|0,00|0,00||
|C100|1|0|C00170134377|55|00|4|38318|23181214045341000198550040000383181144873454|10122018|10122018|1000,00|2|41,80|0,00|1041,80|1|0,00|0,00|0,00|0,00|0,00|0,00|0,00|0,00|6,50|30,00|||
|C110|90||
|C190|000|5929|0,00|1000,00|0,00|0,00|0,00|0,00|0,00|0,00||
|C100|1|0|C14045341000350|55|00|4|38319|23181214045341000198550040000383191543829898|10122018|10122018|371,14|2|0,00|0,00|371,14|1|0,00|0,00|0,00|371,14|44,54|0,00|0,00|0,00|0,00|0,00|||
|C190|000|6409|12,00|371,14|371,14|44,54|0,00|0,00|0,00|0,00||
|C100|1|0|C00170134377|55|00|4|38321|23181214045341000198550040000383211317052983|10122018|10122018|1200,00|2|0,00|0,00|1200,00|1|0,00|0,00|0,00|0,00|0,00|0,00|0,00|0,00|7,81|36,00|||
|C110|91||
|C190|000|5929|0,00|330,00|0,00|0,00|0,00|0,00|0,00|0,00||
|C190|060|5929|0,00|870,00|0,00|0,00|0,00|0,00|0,00|0,00||
|C100|1|0|C63186381304|55|00|4|38322|23181214045341000198550040000383221518034726|10122018|10122018|1000,00|2|60,00|0,00|1060,00|1|0,00|0,00|0,00|0,00|0,00|0,00|0,00|0,00|6,50|30,00|||
|C110|92||
|C190|260|5929|0,00|1000,00|0,00|0,00|0,00|0,00|0,00|0,00||
|C100|1|0|C43048064320|55|00|4|38323|23181214045341000198550040000383231441652444|10122018|10122018|1300,00|2|50,00|0,00|1350,00|1|0,00|0,00|0,00|0,00|0,00|0,00|0,00|0,00|8,45|39,00|||
|C110|93||
|C190|000|5929|0,00|1300,00|0,00|0,00|0,00|0,00|0,00|0,00||
|C100|1|0|C21029890382|55|00|4|38324|23181214045341000198550040000383241794155383|10122018|10122018|1120,00|2|49,73|0,00|1169,73|1|0,00|0,00|0,00|0,00|0,00|0,00|0,00|0,00|7,28|33,60|||
|C110|94||
|C190|000|5929|0,00|1120,00|0,00|0,00|0,00|0,00|0,00|0,00||
|C100|1|0|C03600780360|55|00|4|38325|23181214045341000198550040000383251183087531|10122018|10122018|2050,00|2|43,39|0,00|2093,39|1|0,00|0,00|0,00|0,00|0,00|0,00|0,00|0,00|13,32|61,50|||
|C110|95||
|C190|000|5929|0,00|375,43|0,00|0,00|0,00|0,00|0,00|0,00||
|C190|060|5929|0,00|832,39|0,00|0,00|0,00|0,00|0,00|0,00||
|C190|260|5929|0,00|842,18|0,00|0,00|0,00|0,00|0,00|0,00||
|C100|1|0|C30084113634|55|00|4|38326|23181214045341000198550040000383261281563726|10122018|10122018|1360,00|2|0,00|0,00|1360,00|1|0,00|0,00|0,00|0,00|0,00|0,00|0,00|0,00|8,85|40,80|||
|C110|96||
|C190|000|5929|0,00|510,00|0,00|0,00|0,00|0,00|0,00|0,00||
|C190|060|5929|0,00|850,00|0,00|0,00|0,00|0,00|0,00|0,00||
|C100|1|0|C04372870337|55|00|4|38327|23181214045341000198550040000383271901664822|10122018|10122018|1600,00|2|42,34|0,00|1642,34|1|0,00|0,00|0,00|0,00|0,00|0,00|0,00|0,00|10,40|48,00|||
|C110|97||
|C190|000|5929|0,00|752,29|0,00|0,00|0,00|0,00|0,00|0,00||
|C190|060|5929|0,00|847,71|0,00|0,00|0,00|0,00|0,00|0,00||
|C100|1|0|C03605535321|55|00|4|38328|23181214045341000198550040000383281683983848|10122018|10122018|3500,00|2|0,00|0,00|3500,00|1|0,00|0,00|0,00|0,00|0,00|0,00|0,00|0,00|22,75|105,00|||
|C110|98||
|C190|260|5929|0,00|3500,00|0,00|0,00|0,00|0,00|0,00|0,00||
|C100|1|0|C10461612372|55|00|4|38329|23181214045341000198550040000383291470710744|10122018|10122018|1700,00|2|147,64|0,00|1847,64|1|0,00|0,00|0,00|0,00|0,00|0,00|0,00|0,00|11,05|51,00|||
|C110|99||
|C190|000|5929|0,00|1700,00|0,00|0,00|0,00|0,00|0,00|0,00||
|C100|1|0|C16199111320|55|00|4|38330|23181214045341000198550040000383301360326754|10122018|10122018|3030,00|2|244,15|0,00|3274,15|1|0,00|0,00|0,00|0,00|0,00|0,00|0,00|0,00|19,69|90,90|||
|C110|100||
|C190|000|5929|0,00|2743,45|0,00|0,00|0,00|0,00|0,00|0,00||
|C190|060|5929|0,00|286,55|0,00|0,00|0,00|0,00|0,00|0,00||
|C100|1|0|C80594743320|55|00|4|38331|23181214045341000198550040000383311739925576|10122018|10122018|5225,00|2|35,00|0,00|5260,00|1|0,00|0,00|0,00|0,00|0,00|0,00|0,00|0,00|33,95|156,75|||
|C110|101||
|C190|000|5929|0,00|4172,05|0,00|0,00|0,00|0,00|0,00|0,00||
|C190|260|5929|0,00|1052,95|0,00|0,00|0,00|0,00|0,00|0,00||
|C100|1|0|C02077543906|55|00|4|38332|23181214045341000198550040000383321303570280|10122018|10122018|1100,00|2|100,00|0,00|1200,00|1|0,00|0,00|0,00|0,00|0,00|0,00|0,00|0,00|7,15|33,00|||
|C110|102||
|C190|000|5929|0,00|275,00|0,00|0,00|0,00|0,00|0,00|0,00||
|C190|260|5929|0,00|825,00|0,00|0,00|0,00|0,00|0,00|0,00||
|C100|1|0|C14045341000350|55|00|4|38333|23181214045341000198550040000383331248360387|10122018|10122018|1228,34|2|0,00|0,00|1228,34|1|0,00|0,00|0,00|1228,34|147,40|0,00|0,00|0,00|0,00|0,00|||
|C190|000|6409|12,00|1228,34|1228,34|147,40|0,00|0,00|0,00|0,00||
|C100|1|0|C07371495000104|55|00|4|38334|23181214045341000198550040000383341986364432|11122018|11122018|250,00|2|0,98|0,00|250,98|1|0,00|0,00|0,00|0,00|0,00|0,00|0,00|0,00|1,63|7,50|||
|C190|060|5403|0,00|250,00|0,00|0,00|0,00|0,00|0,00|0,00||
|C100|1|0|C07208184000129|55|00|4|38335|23181214045341000198550040000383351354911469|11122018|11122018|1700,00|2|0,00|0,00|1700,00|1|0,00|0,00|0,00|0,00|0,00|0,00|0,00|0,00|11,05|51,00|||
|C190|060|5403|0,00|1700,00|0,00|0,00|0,00|0,00|0,00|0,00||
|C100|1|0|C10461612372|55|00|4|38336|23181214045341000198550040000383361578854300|11122018|11122018|1000,00|2|0,00|0,00|1000,00|1|0,00|0,00|0,00|0,00|0,00|0,00|0,00|0,00|6,50|30,00|||
|C110|103||
|C190|060|5929|0,00|1000,00|0,00|0,00|0,00|0,00|0,00|0,00||
|C100|1|0|C87356287315|55|00|4|38337|23181214045341000198550040000383371000358981|11122018|11122018|2500,00|2|0,80|0,00|2500,80|1|0,00|0,00|0,00|0,00|0,00|0,00|0,00|0,00|16,25|75,00|||
|C110|104||
|C190|000|5929|0,00|2213,00|0,00|0,00|0,00|0,00|0,00|0,00||
|C190|060|5929|0,00|287,00|0,00|0,00|0,00|0,00|0,00|0,00||
|C100|1|0|C32133383387|55|00|4|38338|23181214045341000198550040000383381845594520|11122018|11122018|700,00|2|150,00|0,00|850,00|1|0,00|0,00|0,00|0,00|0,00|0,00|0,00|0,00|4,55|21,00|||
|C110|105||
|C190|060|5929|0,00|700,00|0,00|0,00|0,00|0,00|0,00|0,00||
|C100|1|0|C23232951368|55|00|4|38339|23181214045341000198550040000383391154131787|11122018|11122018|900,00|2|5,27|0,00|905,27|1|0,00|0,00|0,00|0,00|0,00|0,00|0,00|0,00|5,85|27,00|||
|C110|106||
|C190|260|5929|0,00|900,00|0,00|0,00|0,00|0,00|0,00|0,00||
|C100|1|0|C00399821309|55|00|4|38340|23181214045341000198550040000383401327609994|11122018|11122018|450,00|2|21,43|0,00|471,43|1|0,00|0,00|0,00|0,00|0,00|0,00|0,00|0,00|2,93|13,50|||
|C110|107||
|C190|000|5929|0,00|450,00|0,00|0,00|0,00|0,00|0,00|0,00||
|C100|1|0|C41597303000625|55|00|4|38341|23181214045341000198550040000383411769787208|11122018|11122018|311,23|2|0,00|0,00|311,23|1|0,00|0,00|0,00|0,00|0,00|0,00|0,00|0,00|2,02|9,34|||
|C190|060|5403|0,00|311,23|0,00|0,00|0,00|0,00|0,00|0,00||
|C100|1|0|C41597303000625|55|00|4|38342|23181214045341000198550040000383421819075530|11122018|11122018|384,15|2|0,00|0,00|384,15|1|0,00|0,00|0,00|0,00|0,00|0,00|0,00|0,00|2,50|11,52|||
|C190|260|5403|0,00|384,15|0,00|0,00|0,00|0,00|0,00|0,00||
|C100|1|0|C41597303000625|55|00|4|38343|23181214045341000198550040000383431431556739|11122018|11122018|233,42|2|0,00|0,00|233,42|1|0,00|0,00|0,00|0,00|0,00|0,00|0,00|0,00|1,52|7,00|||
|C190|060|5403|0,00|233,42|0,00|0,00|0,00|0,00|0,00|0,00||
|C100|1|0|C83505954500|55|00|4|38344|23181214045341000198550040000383441656435685|11122018|11122018|300,00|2|7,92|0,00|307,92|1|0,00|0,00|0,00|0,00|0,00|0,00|0,00|0,00|1,95|9,00|||
|C110|108||
|C190|000|5929|0,00|300,00|0,00|0,00|0,00|0,00|0,00|0,00||
|C100|1|0|C76987868387|55|00|4|38345|23181214045341000198550040000383451504572180|11122018|11122018|2990,00|2|0,00|0,00|2990,00|1|0,00|0,00|0,00|0,00|0,00|0,00|0,00|0,00|19,43|89,70|||
|C110|109||
|C190|000|5929|0,00|2990,00|0,00|0,00|0,00|0,00|0,00|0,00||
|C100|1|0|C42407800559|55|00|4|38346|23181214045341000198550040000383461170848318|11122018|11122018|700,00|2|0,00|0,00|700,00|1|0,00|0,00|0,00|0,00|0,00|0,00|0,00|0,00|4,55|21,00|||
|C110|110||
|C190|260|5929|0,00|700,00|0,00|0,00|0,00|0,00|0,00|0,00||
|C100|1|0|C36048208391|55|00|4|38347|23181214045341000198550040000383471914620848|11122018|11122018|890,00|2|0,00|0,00|890,00|1|0,00|0,00|0,00|0,00|0,00|0,00|0,00|0,00|5,79|26,70|||
|C110|111||
|C190|000|5929|0,00|230,00|0,00|0,00|0,00|0,00|0,00|0,00||
|C190|060|5929|0,00|660,00|0,00|0,00|0,00|0,00|0,00|0,00||
|C100|1|0|C11657685349|55|00|4|38348|23181214045341000198550040000383481367562180|11122018|11122018|3375,00|2|148,28|0,00|3523,28|1|0,00|0,00|0,00|0,00|0,00|0,00|0,00|0,00|21,94|101,25|||
|C110|112||
|C190|000|5929|0,00|3030,83|0,00|0,00|0,00|0,00|0,00|0,00||
|C190|060|5929|0,00|344,17|0,00|0,00|0,00|0,00|0,00|0,00||
|C100|1|0|C41597303000544|55|00|4|38349|23181214045341000198550040000383491684508132|11122018|11122018|179,58|2|0,00|0,00|179,58|1|0,00|0,00|0,00|0,00|0,00|0,00|0,00|0,00|1,17|5,39|||
|C190|060|5403|0,00|179,58|0,00|0,00|0,00|0,00|0,00|0,00||
|C100|1|0|C67092918391|55|00|4|38350|23181214045341000198550040000383501759401616|11122018|11122018|900,00|2|5,27|0,00|905,27|1|0,00|0,00|0,00|0,00|0,00|0,00|0,00|0,00|5,85|27,00|||
|C110|113||
|C190|260|5929|0,00|900,00|0,00|0,00|0,00|0,00|0,00|0,00||
|C100|1|0|C36757098334|55|00|4|38351|23181214045341000198550040000383511841061650|11122018|11122018|3500,00|2|88,25|0,00|3588,25|1|0,00|0,00|0,00|0,00|0,00|0,00|0,00|0,00|22,75|105,00|||
|C110|114||
|C190|000|5929|0,00|3436,94|0,00|0,00|0,00|0,00|0,00|0,00||
|C190|060|5929|0,00|63,06|0,00|0,00|0,00|0,00|0,00|0,00||
|C100|1|0|C03624449354|55|00|4|38352|23181214045341000198550040000383521864670847|11122018|11122018|1000,00|2|0,00|0,00|1000,00|1|0,00|0,00|0,00|0,00|0,00|0,00|0,00|0,00|6,51|30,00|||
|C110|115||
|C190|000|5929|0,00|1000,00|0,00|0,00|0,00|0,00|0,00|0,00||
|C100|1|0|C11720166315|55|00|4|38353|23181214045341000198550040000383531705990313|11122018|11122018|450,00|2|7,83|0,00|457,83|1|0,00|0,00|0,00|0,00|0,00|0,00|0,00|0,00|2,93|13,50|||
|C110|116||
|C190|000|5929|0,00|450,00|0,00|0,00|0,00|0,00|0,00|0,00||
|C100|1|0|C89335910449|55|00|4|38354|23181214045341000198550040000383541012597812|11122018|11122018|350,00|2|7,21|0,00|357,21|1|0,00|0,00|0,00|0,00|0,00|0,00|0,00|0,00|2,28|10,50|||
|C110|117||
|C190|000|5929|0,00|350,00|0,00|0,00|0,00|0,00|0,00|0,00||
|C100|1|0|C21388768372|55|00|4|38355|23181214045341000198550040000383551713898964|11122018|11122018|1060,00|2|0,00|0,00|1060,00|1|0,00|0,00|0,00|0,00|0,00|0,00|0,00|0,00|6,89|31,80|||
|C110|118||
|C190|260|5929|0,00|1060,00|0,00|0,00|0,00|0,00|0,00|0,00||
|C100|1|0|C26095440300|55|00|4|38356|23181214045341000198550040000383561652787588|11122018|11122018|800,00|2|17,01|0,00|817,01|1|0,00|0,00|0,00|0,00|0,00|0,00|0,00|0,00|5,20|24,00|||
|C110|119||
|C190|260|5929|0,00|800,00|0,00|0,00|0,00|0,00|0,00|0,00||
|C100|1|0|C41597303000706|55|00|4|38357|23181214045341000198550040000383571500291480|11122018|11122018|347,52|2|0,00|0,00|347,52|0|0,00|0,00|0,00|0,00|0,00|0,00|0,00|0,00|2,25|10,43|||
|C190|060|5403|0,00|347,52|0,00|0,00|0,00|0,00|0,00|0,00||
|C100|1|0|C41597303000544|55|00|4|38358|23181214045341000198550040000383581709735101|12122018|12122018|311,23|2|0,00|0,00|311,23|1|0,00|0,00|0,00|0,00|0,00|0,00|0,00|0,00|2,02|9,34|||
|C190|060|5403|0,00|311,23|0,00|0,00|0,00|0,00|0,00|0,00||
|C100|1|0|C07799021000168|55|00|4|38359|23181214045341000198550040000383591770128268|12122018|12122018|3000,00|2|138,02|0,00|3138,02|1|0,00|0,00|0,00|0,00|0,00|0,00|0,00|0,00|19,50|90,00|||
|C190|260|5403|0,00|3000,00|0,00|0,00|0,00|0,00|0,00|0,00||
|C100|1|0|C07462875000154|55|00|4|38360|23181214045341000198550040000383601319362996|12122018|12122018|1500,00|2|28,20|0,00|1528,20|1|0,00|0,00|0,00|0,00|0,00|0,00|0,00|0,00|9,75|45,00|||
|C190|260|5403|0,00|1500,00|0,00|0,00|0,00|0,00|0,00|0,00||
|C100|1|0|C29135111801|55|00|4|38361|23181214045341000198550040000383611138062840|12122018|12122018|2240,00|2|0,00|0,00|2240,00|1|0,00|0,00|0,00|0,00|0,00|0,00|0,00|0,00|14,56|67,20|||
|C110|120||
|C190|000|5929|0,00|2240,00|0,00|0,00|0,00|0,00|0,00|0,00||
|C100|1|0|C63457270325|55|00|4|38362|23181214045341000198550040000383621025101383|12122018|12122018|1450,00|2|1,33|0,00|1451,33|1|0,00|0,00|0,00|0,00|0,00|0,00|0,00|0,00|9,43|43,50|||
|C110|121||
|C190|000|5929|0,00|1450,00|0,00|0,00|0,00|0,00|0,00|0,00||
|C100|1|0|C14809659000106|55|00|4|38366|23181214045341000198550040000383661787434779|12122018|12122018|2000,00|2|210,00|0,00|2210,00|1|0,00|0,00|0,00|0,00|0,00|0,00|0,00|0,00|13,00|60,00|||
|C190|060|5403|0,00|2000,00|0,00|0,00|0,00|0,00|0,00|0,00||
|C100|1|0|C07462875000154|55|00|4|38367|23181214045341000198550040000383671570520115|12122018|12122018|2000,00|2|0,00|0,00|2000,00|1|0,00|0,00|0,00|0,00|0,00|0,00|0,00|0,00|13,01|60,00|||
|C190|060|5403|0,00|2000,00|0,00|0,00|0,00|0,00|0,00|0,00||
|C100|1|0|C64620689300|55|00|4|38368|23181214045341000198550040000383681428703407|12122018|12122018|2460,00|2|170,51|0,00|2630,51|1|0,00|0,00|0,00|0,00|0,00|0,00|0,00|0,00|16,00|73,80|||
|C110|122||
|C190|000|5929|0,00|1645,27|0,00|0,00|0,00|0,00|0,00|0,00||
|C190|060|5929|0,00|814,73|0,00|0,00|0,00|0,00|0,00|0,00||
|C100|1|0|C36227161349|55|00|4|38369|23181214045341000198550040000383691632424330|12122018|12122018|790,00|2|0,00|0,00|790,00|1|0,00|0,00|0,00|0,00|0,00|0,00|0,00|0,00|5,14|23,70|||
|C110|123||
|C190|060|5929|0,00|790,00|0,00|0,00|0,00|0,00|0,00|0,00||
|C100|1|0|C41597303000544|55|00|4|38370|23181214045341000198550040000383701565346264|12122018|12122018|311,23|2|0,00|0,00|311,23|1|0,00|0,00|0,00|0,00|0,00|0,00|0,00|0,00|2,02|9,34|||
|C190|060|5403|0,00|311,23|0,00|0,00|0,00|0,00|0,00|0,00||
|C100|1|0|C03624449354|55|00|4|38371|23181214045341000198550040000383711881123145|12122018|12122018|1000,00|2|0,00|0,00|1000,00|1|0,00|0,00|0,00|0,00|0,00|0,00|0,00|0,00|6,51|30,00|||
|C110|124||
|C190|000|5929|0,00|1000,00|0,00|0,00|0,00|0,00|0,00|0,00||
|C100|1|0|C60008126399|55|00|4|38373|23181214045341000198550040000383731769800593|13122018|13122018|969,24|2|0,00|0,00|969,24|1|0,00|0,00|0,00|0,00|0,00|0,00|0,00|0,00|6,30|29,08|||
|C190|060|5910|0,00|969,24|0,00|0,00|0,00|0,00|0,00|0,00||
|C100|1|0|C01336193387|55|00|4|38374|23181214045341000198550040000383741354469594|13122018|13122018|800,00|2|50,00|0,00|850,00|1|0,00|0,00|0,00|0,00|0,00|0,00|0,00|0,00|5,20|24,00|||
|C110|125||
|C190|060|5929|0,00|800,00|0,00|0,00|0,00|0,00|0,00|0,00||
|C100|1|0|C16150929353|55|00|4|38375|23181214045341000198550040000383751416270793|13122018|13122018|700,00|2|0,00|0,00|700,00|1|0,00|0,00|0,00|0,00|0,00|0,00|0,00|0,00|4,55|21,00|||
|C110|126||
|C190|260|5929|0,00|700,00|0,00|0,00|0,00|0,00|0,00|0,00||
|C100|1|0|C46924434304|55|00|4|38376|23181214045341000198550040000383761771801099|13122018|13122018|1600,00|2|37,16|0,00|1637,16|1|0,00|0,00|0,00|0,00|0,00|0,00|0,00|0,00|10,40|48,00|||
|C110|127||
|C190|000|5929|0,00|1600,00|0,00|0,00|0,00|0,00|0,00|0,00||
|C100|1|0|C97572675387|55|00|4|38377|23181214045341000198550040000383771055755678|13122018|13122018|450,00|2|0,00|0,00|450,00|1|0,00|0,00|0,00|0,00|0,00|0,00|0,00|0,00|2,93|13,50|||
|C110|128||
|C190|000|5929|0,00|450,00|0,00|0,00|0,00|0,00|0,00|0,00||
|C100|1|0|C05129001320|55|00|4|38378|23181214045341000198550040000383781625452101|13122018|13122018|450,00|2|15,64|0,00|465,64|1|0,00|0,00|0,00|0,00|0,00|0,00|0,00|0,00|2,93|13,50|||
|C110|129||
|C190|000|5929|0,00|450,00|0,00|0,00|0,00|0,00|0,00|0,00||
|C100|1|0|C01322353310|55|00|4|38379|23181214045341000198550040000383791221287564|13122018|13122018|2000,00|2|90,00|0,00|2090,00|1|0,00|0,00|0,00|0,00|0,00|0,00|0,00|0,00|13,00|60,00|||
|C110|130||
|C190|000|5929|0,00|2000,00|0,00|0,00|0,00|0,00|0,00|0,00||
|C100|1|0|C29388031000143|55|00|4|38380|23181214045341000198550040000383801780008161|13122018|13122018|4275,00|2|43,76|0,00|4318,76|1|0,00|0,00|0,00|0,00|0,00|0,00|0,00|0,00|27,80|128,24|||
|C190|060|5403|0,00|2981,84|0,00|0,00|0,00|0,00|0,00|0,00||
|C190|260|5403|0,00|1293,16|0,00|0,00|0,00|0,00|0,00|0,00||
|C100|1|0|C09848851372|55|00|4|38383|23181214045341000198550040000383831856911829|13122018|13122018|1470,00|2|0,00|0,00|1470,00|1|0,00|0,00|0,00|0,00|0,00|0,00|0,00|0,00|9,56|44,10|||
|C110|131||
|C190|000|5929|0,00|570,00|0,00|0,00|0,00|0,00|0,00|0,00||
|C190|060|5929|0,00|900,00|0,00|0,00|0,00|0,00|0,00|0,00||
|C100|1|0|C62568353368|55|00|4|38384|23181214045341000198550040000383841078301821|13122018|13122018|3000,00|2|123,98|0,00|3123,98|1|0,00|0,00|0,00|0,00|0,00|0,00|0,00|0,00|19,50|90,01|||
|C110|132||
|C190|000|5929|0,00|3000,00|0,00|0,00|0,00|0,00|0,00|0,00||
|C100|1|0|C22192913320|55|00|4|38385|23181214045341000198550040000383851293457811|13122018|13122018|253,00|2|11,18|0,00|264,18|1|0,00|0,00|0,00|0,00|0,00|0,00|0,00|0,00|1,64|7,59|||
|C110|133||
|C190|060|5929|0,00|253,00|0,00|0,00|0,00|0,00|0,00|0,00||
|C100|1|0|C23232951368|55|00|4|38386|23181214045341000198550040000383861533558975|13122018|13122018|2572,00|2|27,49|0,00|2599,49|1|0,00|0,00|0,00|0,00|0,00|0,00|0,00|0,00|16,71|77,16|||
|C110|134||
|C190|000|5929|0,00|2572,00|0,00|0,00|0,00|0,00|0,00|0,00||
|C100|1|0|C24473740382|55|00|4|38387|23181214045341000198550040000383871922125783|13122018|13122018|2000,00|2|75,84|0,00|2075,84|1|0,00|0,00|0,00|0,00|0,00|0,00|0,00|0,00|13,00|60,00|||
|C110|135||
|C190|000|5929|0,00|2000,00|0,00|0,00|0,00|0,00|0,00|0,00||
|C100|1|0|C29688132349|55|00|4|38388|23181214045341000198550040000383881887540233|13122018|13122018|4168,00|2|34,12|0,00|4202,12|1|0,00|0,00|0,00|0,00|0,00|0,00|0,00|0,00|27,09|125,03|||
|C110|136||
|C190|000|5929|0,00|3404,75|0,00|0,00|0,00|0,00|0,00|0,00||
|C190|060|5403|0,00|763,25|0,00|0,00|0,00|0,00|0,00|0,00||
|C100|1|0|C48601683304|55|00|4|38389|23181214045341000198550040000383891450239416|13122018|13122018|1000,00|2|0,00|0,00|1000,00|1|0,00|0,00|0,00|0,00|0,00|0,00|0,00|0,00|6,51|30,00|||
|C110|137||
|C190|000|5929|0,00|1000,00|0,00|0,00|0,00|0,00|0,00|0,00||
|C100|1|0|C41597303000625|55|00|4|38390|23181214045341000198550040000383901910190173|14122018|14122018|900,00|2|0,00|0,00|900,00|1|0,00|0,00|0,00|0,00|0,00|0,00|0,00|0,00|5,85|27,00|||
|C190|060|5403|0,00|900,00|0,00|0,00|0,00|0,00|0,00|0,00||
|C100|1|0|C14809659000106|55|00|4|38394|23181214045341000198550040000383941845050405|14122018|14122018|627,00|2|32,75|0,00|659,75|1|0,00|0,00|0,00|0,00|0,00|0,00|0,00|0,00|4,08|18,81|||
|C190|060|5403|0,00|627,00|0,00|0,00|0,00|0,00|0,00|0,00||
|C100|1|0|C14809659000106|55|00|4|38395|23181214045341000198550040000383951679488814|14122018|14122018|290,00|2|3,21|0,00|293,21|1|0,00|0,00|0,00|0,00|0,00|0,00|0,00|0,00|1,89|8,70|||
|C190|060|5403|0,00|290,00|0,00|0,00|0,00|0,00|0,00|0,00||
|C100|1|0|C06134685380|55|00|4|38396|23181214045341000198550040000383961143123008|14122018|14122018|9839,99|2|395,80|0,00|10235,79|1|0,00|0,00|0,00|0,00|0,00|0,00|0,00|0,00|63,96|295,20|||
|C110|138||
|C190|000|5929|0,00|9839,99|0,00|0,00|0,00|0,00|0,00|0,00||
|C100|1|0|C02283357365|55|00|4|38397|23181214045341000198550040000383971956834759|14122018|14122018|1700,00|2|0,00|0,00|1700,00|1|0,00|0,00|0,00|0,00|0,00|0,00|0,00|0,00|11,05|51,00|||
|C110|139||
|C190|000|5929|0,00|1700,00|0,00|0,00|0,00|0,00|0,00|0,00||
|C100|1|0|C00968956408|55|00|4|38398|23181214045341000198550040000383981944748272|14122018|14122018|1547,00|2|53,00|0,00|1600,00|1|0,00|0,00|0,00|0,00|0,00|0,00|0,00|0,00|10,06|46,41|||
|C110|140||
|C190|000|5929|0,00|1547,00|0,00|0,00|0,00|0,00|0,00|0,00||
|C100|1|0|C06134685380|55|00|4|38399|23181214045341000198550040000383991939341183|14122018|14122018|860,01|2|0,00|0,00|860,01|1|0,00|0,00|0,00|0,00|0,00|0,00|0,00|0,00|5,59|25,80|||
|C110|141||
|C190|260|5929|0,00|860,01|0,00|0,00|0,00|0,00|0,00|0,00||
|C100|1|0|C49203312315|55|00|4|38400|23181214045341000198550040000384001728692183|14122018|14122018|1650,00|2|2,20|0,00|1652,20|1|0,00|0,00|0,00|0,00|0,00|0,00|0,00|0,00|10,72|49,49|||
|C110|142||
|C190|000|5929|0,00|1386,17|0,00|0,00|0,00|0,00|0,00|0,00||
|C190|060|5929|0,00|263,83|0,00|0,00|0,00|0,00|0,00|0,00||
|C100|1|0|C24632775304|55|00|4|38401|23181214045341000198550040000384011713678322|14122018|14122018|510,00|2|0,00|0,00|510,00|1|0,00|0,00|0,00|0,00|0,00|0,00|0,00|0,00|3,32|15,30|||
|C110|143||
|C190|000|5929|0,00|510,00|0,00|0,00|0,00|0,00|0,00|0,00||
|C100|1|0|C24212598353|55|00|4|38402|23181214045341000198550040000384021861258850|14122018|14122018|4990,00|2|64,05|0,00|5054,05|1|0,00|0,00|0,00|0,00|0,00|0,00|0,00|0,00|32,44|149,70|||
|C110|144||
|C190|000|5929|0,00|4990,00|0,00|0,00|0,00|0,00|0,00|0,00||
|C100|1|0|C11291354387|55|00|4|38403|23181214045341000198550040000384031119881255|14122018|14122018|820,00|2|14,04|0,00|834,04|1|0,00|0,00|0,00|0,00|0,00|0,00|0,00|0,00|5,34|24,61|||
|C110|145||
|C190|000|5929|0,00|799,15|0,00|0,00|0,00|0,00|0,00|0,00||
|C190|060|5929|0,00|20,85|0,00|0,00|0,00|0,00|0,00|0,00||
|C100|1|0|C43357652315|55|00|4|38404|23181214045341000198550040000384041303945551|14122018|14122018|190,00|2|0,90|0,00|190,90|1|0,00|0,00|0,00|0,00|0,00|0,00|0,00|0,00|1,24|5,70|||
|C110|146||
|C190|000|5929|0,00|190,00|0,00|0,00|0,00|0,00|0,00|0,00||
|C100|1|0|C96658037353|55|00|4|38405|23181214045341000198550040000384051495765716|14122018|14122018|79,62|2|0,00|0,00|79,62|1|0,00|0,00|0,00|0,00|0,00|0,00|0,00|0,00|0,52|2,39|||
|C190|060|5910|0,00|79,62|0,00|0,00|0,00|0,00|0,00|0,00||
|C100|1|0|C32031970000140|55|00|4|38406|23181214045341000198550040000384061067218447|14122018|14122018|300,00|2|0,00|0,00|300,00|1|0,00|0,00|0,00|0,00|0,00|0,00|0,00|0,00|1,95|9,00|||
|C190|060|5403|0,00|300,00|0,00|0,00|0,00|0,00|0,00|0,00||
|C100|1|0|C08604499000158|55|00|4|38407|23181214045341000198550040000384071818045048|14122018|14122018|3250,00|2|157,80|0,00|3407,80|1|0,00|0,00|0,00|0,00|0,00|0,00|0,00|0,00|21,12|97,50|||
|C190|060|5403|0,00|1869,49|0,00|0,00|0,00|0,00|0,00|0,00||
|C190|260|5403|0,00|1380,51|0,00|0,00|0,00|0,00|0,00|0,00||
|C100|1|0|C40420892320|55|00|4|38408|23181214045341000198550040000384081828576353|14122018|14122018|400,00|2|0,00|0,00|400,00|1|0,00|0,00|0,00|0,00|0,00|0,00|0,00|0,00|2,60|12,00|||
|C110|147||
|C190|000|5929|0,00|200,00|0,00|0,00|0,00|0,00|0,00|0,00||
|C190|060|5929|0,00|200,00|0,00|0,00|0,00|0,00|0,00|0,00||
|C100|1|0|C00093246315|55|00|4|38409|23181214045341000198550040000384091851612970|14122018|14122018|470,00|2|0,00|0,00|470,00|1|0,00|0,00|0,00|0,00|0,00|0,00|0,00|0,00|3,06|14,10|||
|C110|148||
|C190|000|5929|0,00|470,00|0,00|0,00|0,00|0,00|0,00|0,00||
|C100|1|0|C36798487300|55|00|4|38410|23181214045341000198550040000384101526948396|14122018|14122018|2000,00|2|53,16|0,00|2053,16|1|0,00|0,00|0,00|0,00|0,00|0,00|0,00|0,00|13,01|60,00|||
|C110|149||
|C190|000|5929|0,00|2000,00|0,00|0,00|0,00|0,00|0,00|0,00||
|C100|1|0|C49570668334|55|00|4|38411|23181214045341000198550040000384111495646668|14122018|14122018|600,00|2|11,82|0,00|611,82|1|0,00|0,00|0,00|0,00|0,00|0,00|0,00|0,00|3,90|18,00|||
|C110|150||
|C190|000|5929|0,00|600,00|0,00|0,00|0,00|0,00|0,00|0,00||
|C100|1|0|C25930460310|55|00|4|38412|23181214045341000198550040000384121505543022|14122018|14122018|650,00|2|70,63|0,00|720,63|1|0,00|0,00|0,00|0,00|0,00|0,00|0,00|0,00|4,22|19,50|||
|C110|151||
|C190|000|5929|0,00|650,00|0,00|0,00|0,00|0,00|0,00|0,00||
|C100|1|0|C51289393320|55|00|4|38413|23181214045341000198550040000384131668543746|14122018|14122018|3000,00|2|71,20|0,00|3071,20|1|0,00|0,00|0,00|0,00|0,00|0,00|0,00|0,00|19,50|90,00|||
|C110|152||
|C190|000|5929|0,00|1511,60|0,00|0,00|0,00|0,00|0,00|0,00||
|C190|260|5929|0,00|1488,40|0,00|0,00|0,00|0,00|0,00|0,00||
|C100|1|0|C00327248000161|55|00|4|38414|23181214045341000198550040000384141973866429|17122018|17122018|450,00|2|0,00|0,00|450,00|1|0,00|0,00|0,00|0,00|0,00|0,00|0,00|0,00|2,93|13,50|||
|C190|060|5403|0,00|450,00|0,00|0,00|0,00|0,00|0,00|0,00||
|C100|1|0|C44058705353|55|00|4|38415|23181214045341000198550040000384151903028553|17122018|17122018|5090,00|2|110,83|0,00|5200,83|1|0,00|0,00|0,00|0,00|0,00|0,00|0,00|0,00|33,07|152,71|||
|C110|153||
|C190|000|5929|0,00|3520,26|0,00|0,00|0,00|0,00|0,00|0,00||
|C190|260|5929|0,00|1569,74|0,00|0,00|0,00|0,00|0,00|0,00||
|C100|1|0|C84246987387|55|00|4|38416|23181214045341000198550040000384161009194286|17122018|17122018|5950,00|2|263,84|0,00|6213,84|1|0,00|0,00|0,00|0,00|0,00|0,00|0,00|0,00|38,67|178,49|||
|C110|154||
|C190|000|5929|0,00|4490,98|0,00|0,00|0,00|0,00|0,00|0,00||
|C190|260|5929|0,00|1459,02|0,00|0,00|0,00|0,00|0,00|0,00||
|C100|1|0|C14045341000279|55|00|4|38417|23181214045341000198550040000384171442451610|17122018|17122018|775,36|2|0,00|0,00|775,36|0|0,00|0,00|0,00|775,36|59,02|0,00|0,00|0,00|0,00|0,00|||
|C190|000|6409|12,00|350,11|350,11|42,01|0,00|0,00|0,00|0,00||
|C190|200|6409|4,00|425,25|425,25|17,01|0,00|0,00|0,00|0,00||
|C100|1|0|C41597303000625|55|00|4|38418|23181214045341000198550040000384181321980121|17122018|17122018|233,42|2|0,00|0,00|233,42|1|0,00|0,00|0,00|0,00|0,00|0,00|0,00|0,00|1,52|7,00|||
|C190|060|5403|0,00|233,42|0,00|0,00|0,00|0,00|0,00|0,00||
|C100|1|0|C32091048000149|55|00|4|38419|23181214045341000198550040000384191969090159|17122018|17122018|1000,00|2|0,00|0,00|1000,00|1|0,00|0,00|0,00|0,00|0,00|0,00|0,00|0,00|6,50|30,00|||
|C110|155||
|C190|000|5929|0,00|1000,00|0,00|0,00|0,00|0,00|0,00|0,00||
|C100|1|0|C61787868320|55|00|4|38420|23181214045341000198550040000384201154711914|17122018|17122018|1090,00|2|6,64|0,00|1096,64|1|0,00|0,00|0,00|0,00|0,00|0,00|0,00|0,00|7,09|32,70|||
|C110|156||
|C190|000|5929|0,00|1090,00|0,00|0,00|0,00|0,00|0,00|0,00||
|C100|1|0|C53436490849|55|00|4|38421|23181214045341000198550040000384211776782057|17122018|17122018|1416,00|2|24,00|0,00|1440,00|1|0,00|0,00|0,00|0,00|0,00|0,00|0,00|0,00|9,20|42,49|||
|C110|157||
|C190|000|5929|0,00|1416,00|0,00|0,00|0,00|0,00|0,00|0,00||
|C100|1|0|C78485070330|55|00|4|38422|23181214045341000198550040000384221324957271|17122018|17122018|500,00|2|21,35|0,00|521,35|1|0,00|0,00|0,00|0,00|0,00|0,00|0,00|0,00|3,25|15,00|||
|C110|158||
|C190|000|5929|0,00|500,00|0,00|0,00|0,00|0,00|0,00|0,00||
|C100|1|0|C44731132304|55|00|4|38423|23181214045341000198550040000384231345043667|17122018|17122018|850,00|2|50,30|0,00|900,30|1|0,00|0,00|0,00|0,00|0,00|0,00|0,00|0,00|5,53|25,50|||
|C110|159||
|C190|000|5929|0,00|42,49|0,00|0,00|0,00|0,00|0,00|0,00||
|C190|060|5929|0,00|807,51|0,00|0,00|0,00|0,00|0,00|0,00||
|C100|1|0|C23188375387|55|00|4|38424|23181214045341000198550040000384241232597044|17122018|17122018|4400,00|2|95,84|0,00|4495,84|1|0,00|0,00|0,00|0,00|0,00|0,00|0,00|0,00|28,60|132,00|||
|C110|160||
|C190|000|5929|0,00|4345,75|0,00|0,00|0,00|0,00|0,00|0,00||
|C190|060|5929|0,00|54,25|0,00|0,00|0,00|0,00|0,00|0,00||
|C100|1|0|C38068583300|55|00|4|38425|23181214045341000198550040000384251815809975|17122018|17122018|3500,00|2|0,62|0,00|3500,62|1|0,00|0,00|0,00|0,00|0,00|0,00|0,00|0,00|22,74|105,00|||
|C110|161||
|C190|000|5929|0,00|3436,56|0,00|0,00|0,00|0,00|0,00|0,00||
|C190|060|5929|0,00|63,44|0,00|0,00|0,00|0,00|0,00|0,00||
|C100|1|0|C24387800000175|55|00|4|38426|23181214045341000198550040000384261526512695|17122018|17122018|1370,00|2|0,30|0,00|1370,30|1|0,00|0,00|0,00|0,00|0,00|0,00|0,00|0,00|8,90|41,10|||
|C190|060|5403|0,00|1370,00|0,00|0,00|0,00|0,00|0,00|0,00||
|C100|1|0|C41597303000625|55|00|4|38427|23181214045341000198550040000384271246633678|17122018|17122018|695,38|2|0,00|0,00|695,38|1|0,00|0,00|0,00|0,00|0,00|0,00|0,00|0,00|4,52|20,86|||
|C190|060|5403|0,00|311,23|0,00|0,00|0,00|0,00|0,00|0,00||
|C190|260|5403|0,00|384,15|0,00|0,00|0,00|0,00|0,00|0,00||
|C100|1|0|C41597303000625|55|00|4|38428|23181214045341000198550040000384281619323048|17122018|17122018|233,42|2|0,00|0,00|233,42|1|0,00|0,00|0,00|0,00|0,00|0,00|0,00|0,00|1,52|7,00|||
|C190|060|5403|0,00|233,42|0,00|0,00|0,00|0,00|0,00|0,00||
|C100|1|0|C62944827391|55|00|4|38429|23181214045341000198550040000384291246756715|17122018|17122018|500,00|2|0,00|0,00|500,00|1|0,00|0,00|0,00|0,00|0,00|0,00|0,00|0,00|3,25|15,00|||
|C110|162||
|C190|000|5929|0,00|500,00|0,00|0,00|0,00|0,00|0,00|0,00||
|C100|1|0|C46089322334|55|00|4|38430|23181214045341000198550040000384301971681441|17122018|17122018|2375,00|2|147,15|0,00|2522,15|1|0,00|0,00|0,00|0,00|0,00|0,00|0,00|0,00|15,44|71,25|||
|C110|163||
|C190|000|5929|0,00|2375,00|0,00|0,00|0,00|0,00|0,00|0,00||
|C100|1|0|C22068716372|55|00|4|38431|23181214045341000198550040000384311624198430|17122018|17122018|860,00|2|0,00|0,00|860,00|1|0,00|0,00|0,00|0,00|0,00|0,00|0,00|0,00|5,59|25,80|||
|C110|164||
|C190|000|5929|0,00|480,00|0,00|0,00|0,00|0,00|0,00|0,00||
|C190|060|5929|0,00|380,00|0,00|0,00|0,00|0,00|0,00|0,00||
|C100|1|0|C23376589372|55|00|4|38432|23181214045341000198550040000384321721806519|17122018|17122018|1105,00|2|49,35|0,00|1154,35|1|0,00|0,00|0,00|0,00|0,00|0,00|0,00|0,00|7,18|33,15|||
|C110|165||
|C190|000|5929|0,00|1105,00|0,00|0,00|0,00|0,00|0,00|0,00||
|C100|1|0|C00098485334|55|00|4|38433|23181214045341000198550040000384331112745983|17122018|17122018|1515,00|2|0,00|0,00|1515,00|1|0,00|0,00|0,00|0,00|0,00|0,00|0,00|0,00|9,85|45,45|||
|C110|166||
|C190|000|5929|0,00|1515,00|0,00|0,00|0,00|0,00|0,00|0,00||
|C100|1|0|C05132340393|55|00|4|38434|23181214045341000198550040000384341470854466|17122018|17122018|2500,00|2|282,45|0,00|2782,45|1|0,00|0,00|0,00|0,00|0,00|0,00|0,00|0,00|16,25|75,00|||
|C110|167||
|C190|000|5929|0,00|2500,00|0,00|0,00|0,00|0,00|0,00|0,00||
|C100|1|0|C16344952334|55|00|4|38435|23181214045341000198550040000384351973032684|17122018|17122018|1880,00|2|23,91|0,00|1903,91|1|0,00|0,00|0,00|0,00|0,00|0,00|0,00|0,00|12,22|56,40|||
|C110|168||
|C190|000|5929|0,00|1040,67|0,00|0,00|0,00|0,00|0,00|0,00||
|C190|060|5929|0,00|839,33|0,00|0,00|0,00|0,00|0,00|0,00||
|C100|1|0|C62519298391|55|00|4|38436|23181214045341000198550040000384361765003356|17122018|17122018|1000,00|2|0,00|0,00|1000,00|1|0,00|0,00|0,00|0,00|0,00|0,00|0,00|0,00|6,50|30,00|||
|C110|169||
|C190|000|5929|0,00|1000,00|0,00|0,00|0,00|0,00|0,00|0,00||
|C100|1|0|C04613278309|55|00|4|38437|23181214045341000198550040000384371994756287|17122018|17122018|430,00|2|1,45|0,00|431,45|1|0,00|0,00|0,00|0,00|0,00|0,00|0,00|0,00|2,80|12,90|||
|C110|170||
|C190|000|5929|0,00|430,00|0,00|0,00|0,00|0,00|0,00|0,00||
|C100|1|0|C14809659000106|55|00|4|38438|23181214045341000198550040000384381021618438|18122018|18122018|2900,00|2|68,98|0,00|2968,98|1|0,00|0,00|0,00|0,00|0,00|0,00|0,00|0,00|18,85|87,00|||
|C190|060|5403|0,00|2900,00|0,00|0,00|0,00|0,00|0,00|0,00||
|C100|1|0|C20496117300|55|00|4|38439|23181214045341000198550040000384391986106249|18122018|18122018|7000,00|2|97,52|0,00|7097,52|1|0,00|0,00|0,00|0,00|0,00|0,00|0,00|0,00|45,49|209,99|||
|C110|171||
|C190|000|5929|0,00|3779,60|0,00|0,00|0,00|0,00|0,00|0,00||
|C190|060|5929|0,00|2327,57|0,00|0,00|0,00|0,00|0,00|0,00||
|C190|260|5929|0,00|892,83|0,00|0,00|0,00|0,00|0,00|0,00||
|C100|1|0|C31638685843|55|00|4|38440|23181214045341000198550040000384401454032438|18122018|18122018|200,00|2|8,33|0,00|208,33|1|0,00|0,00|0,00|0,00|0,00|0,00|0,00|0,00|1,30|6,00|||
|C110|172||
|C190|000|5929|0,00|200,00|0,00|0,00|0,00|0,00|0,00|0,00||
|C100|1|0|C41597303000625|55|00|4|38442|23181214045341000198550040000384421694975684|18122018|18122018|400,00|2|0,00|0,00|400,00|1|0,00|0,00|0,00|0,00|0,00|0,00|0,00|0,00|2,60|12,00|||
|C190|060|5403|0,00|400,00|0,00|0,00|0,00|0,00|0,00|0,00||
|C100|1|0|C41597303000625|55|00|4|38443|23181214045341000198550040000384431319145809|18122018|18122018|311,23|2|0,00|0,00|311,23|1|0,00|0,00|0,00|0,00|0,00|0,00|0,00|0,00|2,02|9,34|||
|C190|060|5403|0,00|311,23|0,00|0,00|0,00|0,00|0,00|0,00||
|C100|1|0|C41597303000625|55|00|4|38444|23181214045341000198550040000384441581355960|18122018|18122018|384,15|2|0,00|0,00|384,15|1|0,00|0,00|0,00|0,00|0,00|0,00|0,00|0,00|2,50|11,52|||
|C190|260|5403|0,00|384,15|0,00|0,00|0,00|0,00|0,00|0,00||
|C100|1|0|C21092648372|55|00|4|38445|23181214045341000198550040000384451546714388|18122018|18122018|1482,00|2|78,00|0,00|1560,00|1|0,00|0,00|0,00|0,00|0,00|0,00|0,00|0,00|9,63|44,47|||
|C110|173||
|C190|000|5929|0,00|674,50|0,00|0,00|0,00|0,00|0,00|0,00||
|C190|060|5929|0,00|807,50|0,00|0,00|0,00|0,00|0,00|0,00||
|C100|1|0|C79622720315|55|00|4|38446|23181214045341000198550040000384461632593337|18122018|18122018|3300,00|2|10,00|0,00|3310,00|1|0,00|0,00|0,00|0,00|0,00|0,00|0,00|0,00|21,45|99,00|||
|C110|174||
|C190|000|5929|0,00|3300,00|0,00|0,00|0,00|0,00|0,00|0,00||
|C100|1|0|C20436831368|55|00|4|38447|23181214045341000198550040000384471545166497|18122018|18122018|260,00|2|8,38|0,00|268,38|1|0,00|0,00|0,00|0,00|0,00|0,00|0,00|0,00|1,69|7,80|||
|C110|175||
|C190|000|5929|0,00|260,00|0,00|0,00|0,00|0,00|0,00|0,00||
|C100|1|0|C03167060352|55|00|4|38448|23181214045341000198550040000384481712644820|18122018|18122018|900,00|2|0,76|0,00|900,76|1|0,00|0,00|0,00|0,00|0,00|0,00|0,00|0,00|5,85|27,00|||
|C110|176||
|C190|000|5929|0,00|900,00|0,00|0,00|0,00|0,00|0,00|0,00||
|C100|1|0|C10279237391|55|00|4|38449|23181214045341000198550040000384491766702973|18122018|18122018|5100,00|2|255,91|0,00|5355,91|1|0,00|0,00|0,00|0,00|0,00|0,00|0,00|0,00|33,15|153,01|||
|C110|177||
|C190|000|5929|0,00|5052,39|0,00|0,00|0,00|0,00|0,00|0,00||
|C190|060|5929|0,00|47,61|0,00|0,00|0,00|0,00|0,00|0,00||
|C100|1|0|C70190003391|55|00|4|38450|23181214045341000198550040000384501338343585|18122018|18122018|2600,00|2|49,99|0,00|2649,99|1|0,00|0,00|0,00|0,00|0,00|0,00|0,00|0,00|16,90|78,01|||
|C110|178||
|C190|060|5929|0,00|833,97|0,00|0,00|0,00|0,00|0,00|0,00||
|C190|260|5929|0,00|888,19|0,00|0,00|0,00|0,00|0,00|0,00||
|C190|400|5929|0,00|877,84|0,00|0,00|0,00|0,00|0,00|0,00||
|C100|1|0|C05259126300|55|00|4|38451|23181214045341000198550040000384511174774772|18122018|18122018|1000,00|2|50,00|0,00|1050,00|1|0,00|0,00|0,00|0,00|0,00|0,00|0,00|0,00|6,50|30,00|||
|C110|179||
|C190|400|5929|0,00|1000,00|0,00|0,00|0,00|0,00|0,00|0,00||
|C100|1|0|C31574295000133|55|00|4|38452|23181214045341000198550040000384521081113145|18122018|18122018|150,00|2|0,00|0,00|150,00|1|0,00|0,00|0,00|0,00|0,00|0,00|0,00|0,00|0,98|4,50|||
|C190|060|5403|0,00|150,00|0,00|0,00|0,00|0,00|0,00|0,00||
|C100|1|0|C09617953000178|55|00|4|38453|23181214045341000198550040000384531927906810|18122018|18122018|800,00|2|0,00|0,00|800,00|1|0,00|0,00|0,00|0,00|0,00|0,00|0,00|0,00|5,20|24,00|||
|C190|060|5403|0,00|800,00|0,00|0,00|0,00|0,00|0,00|0,00||
|C100|1|0|C07462875000154|55|00|4|38454|23181214045341000198550040000384541289004718|18122018|18122018|1000,00|2|0,00|0,00|1000,00|1|0,00|0,00|0,00|0,00|0,00|0,00|0,00|0,00|6,50|30,00|||
|C190|060|5403|0,00|1000,00|0,00|0,00|0,00|0,00|0,00|0,00||
|C100|1|0|C04350071000175|55|00|4|38455|23181214045341000198550040000384551258180171|18122018|18122018|750,00|2|0,00|0,00|750,00|1|0,00|0,00|0,00|0,00|0,00|0,00|0,00|0,00|4,88|22,50|||
|C190|060|5403|0,00|750,00|0,00|0,00|0,00|0,00|0,00|0,00||
|C100|1|0|C77969120300|55|00|4|38456|23181214045341000198550040000384561826052109|18122018|18122018|890,00|2|0,00|0,00|890,00|1|0,00|0,00|0,00|0,00|0,00|0,00|0,00|0,00|5,79|26,70|||
|C110|180||
|C190|000|5929|0,00|230,00|0,00|0,00|0,00|0,00|0,00|0,00||
|C190|060|5929|0,00|660,00|0,00|0,00|0,00|0,00|0,00|0,00||
|C100|1|0|C01819739449|55|00|4|38457|23181214045341000198550040000384571043207266|18122018|18122018|1450,00|2|25,23|0,00|1475,23|1|0,00|0,00|0,00|0,00|0,00|0,00|0,00|0,00|9,43|43,50|||
|C110|181||
|C190|000|5929|0,00|1450,00|0,00|0,00|0,00|0,00|0,00|0,00||
|C100|1|0|C41607325349|55|00|4|38458|23181214045341000198550040000384581107071634|18122018|18122018|2715,00|2|3,86|0,00|2718,86|1|0,00|0,00|0,00|0,00|0,00|0,00|0,00|0,00|17,65|81,46|||
|C110|182||
|C190|000|5929|0,00|1570,30|0,00|0,00|0,00|0,00|0,00|0,00||
|C190|060|5403|0,00|765,24|0,00|0,00|0,00|0,00|0,00|0,00||
|C190|060|5929|0,00|379,46|0,00|0,00|0,00|0,00|0,00|0,00||
|C100|1|0|C02737337453|55|00|4|38459|23181214045341000198550040000384591012393232|18122018|18122018|480,00|2|0,00|0,00|480,00|1|0,00|0,00|0,00|0,00|0,00|0,00|0,00|0,00|3,12|14,40|||
|C110|183||
|C190|000|5929|0,00|480,00|0,00|0,00|0,00|0,00|0,00|0,00||
|C100|1|0|C00749590343|55|00|4|38460|23181214045341000198550040000384601196783056|18122018|18122018|1100,00|2|31,46|0,00|1131,46|1|0,00|0,00|0,00|0,00|0,00|0,00|0,00|0,00|7,15|33,00|||
|C110|184||
|C190|000|5929|0,00|263,90|0,00|0,00|0,00|0,00|0,00|0,00||
|C190|260|5929|0,00|836,10|0,00|0,00|0,00|0,00|0,00|0,00||
|C100|1|0|C05719390316|55|00|4|38461|23181214045341000198550040000384611296557373|18122018|18122018|2370,00|2|0,00|0,00|2370,00|1|0,00|0,00|0,00|0,00|0,00|0,00|0,00|0,00|15,42|71,10|||
|C110|185||
|C190|000|5929|0,00|1320,00|0,00|0,00|0,00|0,00|0,00|0,00||
|C190|400|5929|0,00|1050,00|0,00|0,00|0,00|0,00|0,00|0,00||
|C100|1|0|C69207402300|55|00|4|38462|23181214045341000198550040000384621379135112|18122018|18122018|800,00|2|50,00|0,00|850,00|1|0,00|0,00|0,00|0,00|0,00|0,00|0,00|0,00|5,20|24,00|||
|C110|186||
|C190|000|5929|0,00|800,00|0,00|0,00|0,00|0,00|0,00|0,00||
|C100|1|0|C40125238720|55|00|4|38463|23181214045341000198550040000384631433454907|18122018|18122018|1290,00|2|0,00|0,00|1290,00|1|0,00|0,00|0,00|0,00|0,00|0,00|0,00|0,00|8,39|38,70|||
|C110|187||
|C190|000|5929|0,00|1290,00|0,00|0,00|0,00|0,00|0,00|0,00||
|C100|1|0|C55649645353|55|00|4|38464|23181214045341000198550040000384641776711289|18122018|18122018|1200,00|2|15,97|0,00|1215,97|1|0,00|0,00|0,00|0,00|0,00|0,00|0,00|0,00|7,80|36,01|||
|C110|188||
|C190|000|5929|0,00|1200,00|0,00|0,00|0,00|0,00|0,00|0,00||
|C100|1|0|C35408359700|55|00|4|38465|23181214045341000198550040000384651423790089|18122018|18122018|1000,00|2|41,80|0,00|1041,80|1|0,00|0,00|0,00|0,00|0,00|0,00|0,00|0,00|6,50|30,00|||
|C110|189||
|C190|000|5929|0,00|1000,00|0,00|0,00|0,00|0,00|0,00|0,00||
|C100|1|0|C20337515387|55|00|4|38466|23181214045341000198550040000384661425717211|18122018|18122018|3520,00|2|5,91|0,00|3525,91|1|0,00|0,00|0,00|0,00|0,00|0,00|0,00|0,00|22,89|105,60|||
|C110|190||
|C190|000|5929|0,00|3520,00|0,00|0,00|0,00|0,00|0,00|0,00||
|C100|1|0|C85361399353|55|00|4|38467|23181214045341000198550040000384671080762657|18122018|18122018|4150,00|2|0,00|0,00|4150,00|1|0,00|0,00|0,00|0,00|0,00|0,00|0,00|0,00|26,99|124,50|||
|C110|191||
|C190|000|5929|0,00|3110,00|0,00|0,00|0,00|0,00|0,00|0,00||
|C190|060|5929|0,00|1040,00|0,00|0,00|0,00|0,00|0,00|0,00||
|C100|1|0|C04841409300|55|00|4|38468|23181214045341000198550040000384681896759660|18122018|18122018|700,00|2|22,90|0,00|722,90|1|0,00|0,00|0,00|0,00|0,00|0,00|0,00|0,00|4,55|21,00|||
|C110|192||
|C190|000|5929|0,00|700,00|0,00|0,00|0,00|0,00|0,00|0,00||
|C100|1|0|C76316017391|55|00|4|38469|23181214045341000198550040000384691499197353|18122018|18122018|1800,00|2|100,00|0,00|1900,00|1|0,00|0,00|0,00|0,00|0,00|0,00|0,00|0,00|11,70|54,00|||
|C110|193||
|C190|000|5929|0,00|795,79|0,00|0,00|0,00|0,00|0,00|0,00||
|C190|260|5929|0,00|1004,21|0,00|0,00|0,00|0,00|0,00|0,00||
|C100|1|0|C05956560304|55|00|4|38470|23181214045341000198550040000384701466666339|18122018|18122018|590,00|2|0,00|0,00|590,00|1|0,00|0,00|0,00|0,00|0,00|0,00|0,00|0,00|3,84|17,70|||
|C110|194||
|C190|000|5929|0,00|590,00|0,00|0,00|0,00|0,00|0,00|0,00||
|C100|1|0|C61544256353|55|00|4|38471|23181214045341000198550040000384711045501810|18122018|18122018|5000,00|2|0,00|0,00|5000,00|1|0,00|0,00|0,00|0,00|0,00|0,00|0,00|0,00|32,50|150,00|||
|C110|195||
|C190|000|5929|0,00|2060,00|0,00|0,00|0,00|0,00|0,00|0,00||
|C190|260|5929|0,00|2940,00|0,00|0,00|0,00|0,00|0,00|0,00||
|C100|1|0|C10352056000169|55|00|4|38472|23181214045341000198550040000384721519249065|18122018|18122018|600,00|2|11,82|0,00|611,82|1|0,00|0,00|0,00|0,00|0,00|0,00|0,00|0,00|3,90|18,00|||
|C190|060|5403|0,00|600,00|0,00|0,00|0,00|0,00|0,00|0,00||
|C100|1|0|C04350071000175|55|00|4|38473|23181214045341000198550040000384731749949775|18122018|18122018|750,00|2|0,00|0,00|750,00|1|0,00|0,00|0,00|0,00|0,00|0,00|0,00|0,00|4,88|22,50|||
|C190|060|5403|0,00|750,00|0,00|0,00|0,00|0,00|0,00|0,00||
|C100|1|0|C42294991320|55|00|4|38474|23181214045341000198550040000384741718526187|18122018|18122018|800,00|2|34,04|0,00|834,04|1|0,00|0,00|0,00|0,00|0,00|0,00|0,00|0,00|5,19|24,00|||
|C110|196||
|C190|000|5929|0,00|779,67|0,00|0,00|0,00|0,00|0,00|0,00||
|C190|060|5929|0,00|20,33|0,00|0,00|0,00|0,00|0,00|0,00||
|C100|1|0|C30984157387|55|00|4|38475|23181214045341000198550040000384751972287030|18122018|18122018|800,00|2|50,00|0,00|850,00|1|0,00|0,00|0,00|0,00|0,00|0,00|0,00|0,00|5,20|24,00|||
|C110|197||
|C190|000|5929|0,00|800,00|0,00|0,00|0,00|0,00|0,00|0,00||
|C100|1|0|C00399821309|55|00|4|38476|23181214045341000198550040000384761254230310|18122018|18122018|3350,00|2|8,45|0,00|3358,45|1|0,00|0,00|0,00|0,00|0,00|0,00|0,00|0,00|21,78|100,50|||
|C110|198||
|C190|000|5929|0,00|3350,00|0,00|0,00|0,00|0,00|0,00|0,00||
|C100|1|0|C14809659000289|55|00|4|38477|23181214045341000198550040000384771220496322|19122018|19122018|1190,00|2|0,00|0,00|1190,00|1|0,00|0,00|0,00|0,00|0,00|0,00|0,00|0,00|7,74|35,70|||
|C190|060|5403|0,00|1190,00|0,00|0,00|0,00|0,00|0,00|0,00||
|C100|1|0|C41597303000544|55|00|4|38478|23181214045341000198550040000384781943517474|19122018|19122018|311,23|2|0,00|0,00|311,23|1|0,00|0,00|0,00|0,00|0,00|0,00|0,00|0,00|2,02|9,34|||
|C190|060|5403|0,00|311,23|0,00|0,00|0,00|0,00|0,00|0,00||
|C100|1|0|C41597303000544|55|00|4|38479|23181214045341000198550040000384791237349705|19122018|19122018|233,42|2|0,00|0,00|233,42|1|0,00|0,00|0,00|0,00|0,00|0,00|0,00|0,00|1,52|7,00|||
|C190|060|5403|0,00|233,42|0,00|0,00|0,00|0,00|0,00|0,00||
|C100|1|0|C41597303000625|55|00|4|38480|23181214045341000198550040000384801748824620|19122018|19122018|384,15|2|0,00|0,00|384,15|1|0,00|0,00|0,00|0,00|0,00|0,00|0,00|0,00|2,50|11,52|||
|C190|260|5403|0,00|384,15|0,00|0,00|0,00|0,00|0,00|0,00||
|C100|1|0|C41597303000544|55|00|4|38481|23181214045341000198550040000384811011176506|19122018|19122018|544,65|2|0,00|0,00|544,65|1|0,00|0,00|0,00|0,00|0,00|0,00|0,00|0,00|3,54|16,34|||
|C190|060|5403|0,00|544,65|0,00|0,00|0,00|0,00|0,00|0,00||
|C100|1|0|C41597303000544|55|00|4|38482|23181214045341000198550040000384821564863270|19122018|19122018|311,23|2|0,00|0,00|311,23|1|0,00|0,00|0,00|0,00|0,00|0,00|0,00|0,00|2,02|9,34|||
|C190|060|5403|0,00|311,23|0,00|0,00|0,00|0,00|0,00|0,00||
|C100|1|0|C64782310382|55|00|4|38483|23181214045341000198550040000384831378139130|19122018|19122018|350,00|2|0,00|0,00|350,00|1|0,00|0,00|0,00|0,00|0,00|0,00|0,00|0,00|2,28|10,50|||
|C110|199||
|C190|000|5929|0,00|350,00|0,00|0,00|0,00|0,00|0,00|0,00||
|C100|1|0|C80813747368|55|00|4|38484|23181214045341000198550040000384841094753877|19122018|19122018|390,00|2|0,00|0,00|390,00|1|0,00|0,00|0,00|0,00|0,00|0,00|0,00|0,00|2,54|11,70|||
|C110|200||
|C190|000|5929|0,00|390,00|0,00|0,00|0,00|0,00|0,00|0,00||
|C100|1|0|C80813747368|55|00|4|38485|23181214045341000198550040000384851309131554|19122018|19122018|825,00|2|23,52|0,00|848,52|1|0,00|0,00|0,00|0,00|0,00|0,00|0,00|0,00|5,36|24,75|||
|C110|201||
|C190|000|5929|0,00|825,00|0,00|0,00|0,00|0,00|0,00|0,00||
|C100|1|0|C62944827391|55|00|4|38486|23181214045341000198550040000384861688174890|19122018|19122018|870,00|2|3,36|0,00|873,36|1|0,00|0,00|0,00|0,00|0,00|0,00|0,00|0,00|5,65|26,10|||
|C110|202||
|C190|000|5929|0,00|870,00|0,00|0,00|0,00|0,00|0,00|0,00||
|C100|1|0|C00888486049|55|00|4|38487|23181214045341000198550040000384871122339903|19122018|19122018|5570,00|2|0,00|0,00|5570,00|1|0,00|0,00|0,00|0,00|0,00|0,00|0,00|0,00|36,21|167,10|||
|C110|203||
|C190|000|5929|0,00|2750,00|0,00|0,00|0,00|0,00|0,00|0,00||
|C190|260|5929|0,00|2820,00|0,00|0,00|0,00|0,00|0,00|0,00||
|C100|1|0|C04520920353|55|00|4|38488|23181214045341000198550040000384881253775542|19122018|19122018|1400,00|2|40,00|0,00|1440,00|1|0,00|0,00|0,00|0,00|0,00|0,00|0,00|0,00|9,10|42,00|||
|C110|204||
|C190|000|5929|0,00|1400,00|0,00|0,00|0,00|0,00|0,00|0,00||
|C100|1|0|C78605571420|55|00|4|38489|23181214045341000198550040000384891293352577|19122018|19122018|1300,00|2|23,92|0,00|1323,92|1|0,00|0,00|0,00|0,00|0,00|0,00|0,00|0,00|8,45|39,00|||
|C110|205||
|C190|000|5929|0,00|1300,00|0,00|0,00|0,00|0,00|0,00|0,00||
|C100|1|0|C54553920344|55|00|4|38490|23181214045341000198550040000384901549960490|19122018|19122018|347,00|2|0,00|0,00|347,00|1|0,00|0,00|0,00|0,00|0,00|0,00|0,00|0,00|2,26|10,41|||
|C110|206||
|C190|000|5929|0,00|347,00|0,00|0,00|0,00|0,00|0,00|0,00||
|C100|1|0|C65637836353|55|00|4|38491|23181214045341000198550040000384911110256326|19122018|19122018|3000,00|2|29,25|0,00|3029,25|1|0,00|0,00|0,00|0,00|0,00|0,00|0,00|0,00|19,50|90,00|||
|C110|207||
|C190|000|5929|0,00|2056,28|0,00|0,00|0,00|0,00|0,00|0,00||
|C190|260|5929|0,00|943,72|0,00|0,00|0,00|0,00|0,00|0,00||
|C100|1|0|C51844044815|55|00|4|38492|23181214045341000198550040000384921466229637|19122018|19122018|1890,00|2|0,00|0,00|1890,00|1|0,00|0,00|0,00|0,00|0,00|0,00|0,00|0,00|12,30|56,70|||
|C110|208||
|C190|000|5929|0,00|1890,00|0,00|0,00|0,00|0,00|0,00|0,00||
|C100|1|0|C16744020315|55|00|4|38493|23181214045341000198550040000384931109631326|19122018|19122018|800,00|2|34,04|0,00|834,04|1|0,00|0,00|0,00|0,00|0,00|0,00|0,00|0,00|5,19|24,00|||
|C110|209||
|C190|000|5929|0,00|779,67|0,00|0,00|0,00|0,00|0,00|0,00||
|C190|060|5929|0,00|20,33|0,00|0,00|0,00|0,00|0,00|0,00||
|C100|1|0|C08121699304|55|00|4|38494|23181214045341000198550040000384941349637881|19122018|19122018|950,00|2|2,92|0,00|952,92|1|0,00|0,00|0,00|0,00|0,00|0,00|0,00|0,00|6,18|28,50|||
|C110|210||
|C190|260|5929|0,00|950,00|0,00|0,00|0,00|0,00|0,00|0,00||
|C100|1|0|C41597303000625|55|00|4|38495|23181214045341000198550040000384951510983020|19122018|19122018|311,23|2|0,00|0,00|311,23|1|0,00|0,00|0,00|0,00|0,00|0,00|0,00|0,00|2,02|9,34|||
|C190|060|5403|0,00|311,23|0,00|0,00|0,00|0,00|0,00|0,00||
|C100|1|0|C41597303000625|55|00|4|38496|23181214045341000198550040000384961182571844|19122018|19122018|359,96|2|0,00|0,00|359,96|1|0,00|0,00|0,00|0,00|0,00|0,00|0,00|0,00|2,34|10,80|||
|C190|060|5403|0,00|359,96|0,00|0,00|0,00|0,00|0,00|0,00||
|C100|1|0|C07371495000104|55|00|4|38497|23181214045341000198550040000384971732669121|19122018|19122018|1400,00|2|0,00|0,00|1400,00|1|0,00|0,00|0,00|0,00|0,00|0,00|0,00|0,00|9,10|42,00|||
|C190|060|5403|0,00|1400,00|0,00|0,00|0,00|0,00|0,00|0,00||
|C100|1|0|C41597303000544|55|00|4|38498|23181214045341000198550040000384981310376741|19122018|19122018|313,20|2|0,00|0,00|313,20|1|0,00|0,00|0,00|0,00|0,00|0,00|0,00|0,00|2,04|9,40|||
|C190|060|5403|0,00|313,20|0,00|0,00|0,00|0,00|0,00|0,00||
|C100|1|0|C03080911326|55|00|4|38499|23181214045341000198550040000384991917295940|19122018|19122018|1700,00|2|198,88|0,00|1898,88|1|0,00|0,00|0,00|0,00|0,00|0,00|0,00|0,00|11,05|51,00|||
|C110|211||
|C190|000|5929|0,00|1700,00|0,00|0,00|0,00|0,00|0,00|0,00||
|C100|1|0|C01561421391|55|00|4|38500|23181214045341000198550040000385001705174777|19122018|19122018|190,00|2|7,92|0,00|197,92|1|0,00|0,00|0,00|0,00|0,00|0,00|0,00|0,00|1,24|5,70|||
|C110|212||
|C190|000|5929|0,00|190,00|0,00|0,00|0,00|0,00|0,00|0,00||
|C100|1|0|C47329475300|55|00|4|38501|23181214045341000198550040000385011467867611|19122018|19122018|2600,00|2|150,00|0,00|2750,00|1|0,00|0,00|0,00|0,00|0,00|0,00|0,00|0,00|16,90|78,00|||
|C110|213||
|C190|000|5929|0,00|2600,00|0,00|0,00|0,00|0,00|0,00|0,00||
|C100|1|0|C42683807368|55|00|4|38502|23181214045341000198550040000385021932249098|19122018|19122018|4600,00|2|187,00|0,00|4787,00|1|0,00|0,00|0,00|0,00|0,00|0,00|0,00|0,00|29,89|138,00|||
|C110|214||
|C190|000|5929|0,00|1883,69|0,00|0,00|0,00|0,00|0,00|0,00||
|C190|260|5929|0,00|2716,31|0,00|0,00|0,00|0,00|0,00|0,00||
|C100|1|0|C37048147334|55|00|4|38503|23181214045341000198550040000385031430862130|19122018|19122018|2000,00|2|0,00|0,00|2000,00|1|0,00|0,00|0,00|0,00|0,00|0,00|0,00|0,00|13,00|60,00|||
|C110|215||
|C190|000|5929|0,00|1540,00|0,00|0,00|0,00|0,00|0,00|0,00||
|C190|060|5929|0,00|460,00|0,00|0,00|0,00|0,00|0,00|0,00||
|C100|1|0|C06884870338|55|00|4|38504|23181214045341000198550040000385041955108673|20122018|20122018|990,00|2|0,00|0,00|990,00|1|0,00|0,00|0,00|0,00|0,00|0,00|0,00|0,00|6,44|29,70|||
|C110|216||
|C190|000|5929|0,00|990,00|0,00|0,00|0,00|0,00|0,00|0,00||
|C100|1|0|C64964671372|55|00|4|38505|23181214045341000198550040000385051921723305|20122018|20122018|1000,00|2|50,00|0,00|1050,00|1|0,00|0,00|0,00|0,00|0,00|0,00|0,00|0,00|6,50|30,00|||
|C110|217||
|C190|000|5929|0,00|1000,00|0,00|0,00|0,00|0,00|0,00|0,00||
|C100|1|0|C77715250325|55|00|4|38506|23181214045341000198550040000385061457566011|20122018|20122018|1970,00|2|10,00|0,00|1980,00|1|0,00|0,00|0,00|0,00|0,00|0,00|0,00|0,00|12,81|59,10|||
|C110|218||
|C190|000|5929|0,00|1313,33|0,00|0,00|0,00|0,00|0,00|0,00||
|C190|060|5929|0,00|656,67|0,00|0,00|0,00|0,00|0,00|0,00||
|C100|1|0|C70401209334|55|00|4|38507|23181214045341000198550040000385071263175944|20122018|20122018|600,00|2|11,82|0,00|611,82|1|0,00|0,00|0,00|0,00|0,00|0,00|0,00|0,00|3,90|18,00|||
|C110|219||
|C190|000|5929|0,00|600,00|0,00|0,00|0,00|0,00|0,00|0,00||
|C100|1|0|C14045341000279|55|00|4|38508|23181214045341000198550040000385081035784862|20122018|20122018|821,67|2|0,00|0,00|821,67|0|0,00|0,00|0,00|821,67|98,60|0,00|0,00|0,00|0,00|0,00|||
|C190|000|6409|12,00|821,67|821,67|98,60|0,00|0,00|0,00|0,00||
|C100|1|0|C27301354304|55|00|4|38509|23181214045341000198550040000385091396658657|20122018|20122018|1500,00|2|0,00|0,00|1500,00|1|0,00|0,00|0,00|0,00|0,00|0,00|0,00|0,00|9,75|45,00|||
|C110|220||
|C190|000|5929|0,00|1500,00|0,00|0,00|0,00|0,00|0,00|0,00||
|C100|1|0|C07689090000119|55|00|4|38510|23181214045341000198550040000385101530117040|20122018|20122018|1000,00|2|0,00|0,00|1000,00|1|0,00|0,00|0,00|0,00|0,00|0,00|0,00|0,00|6,50|30,00|||
|C110|221||
|C190|000|5929|0,00|1000,00|0,00|0,00|0,00|0,00|0,00|0,00||
|C100|1|0|C02635378380|55|00|4|38511|23181214045341000198550040000385111808906120|20122018|20122018|1700,00|2|8,14|0,00|1708,14|1|0,00|0,00|0,00|0,00|0,00|0,00|0,00|0,00|11,05|51,00|||
|C110|222||
|C190|000|5929|0,00|762,68|0,00|0,00|0,00|0,00|0,00|0,00||
|C190|400|5929|0,00|937,32|0,00|0,00|0,00|0,00|0,00|0,00||
|C100|1|0|C73410888772|55|00|4|38512|23181214045341000198550040000385121597495580|20122018|20122018|5250,00|2|270,00|0,00|5520,00|1|0,00|0,00|0,00|0,00|0,00|0,00|0,00|0,00|34,12|157,51|||
|C110|223||
|C190|000|5929|0,00|1940,22|0,00|0,00|0,00|0,00|0,00|0,00||
|C190|260|5929|0,00|3309,78|0,00|0,00|0,00|0,00|0,00|0,00||
|C100|1|0|C20347723349|55|00|4|38513|23181214045341000198550040000385131449453984|20122018|20122018|800,00|2|50,00|0,00|850,00|1|0,00|0,00|0,00|0,00|0,00|0,00|0,00|0,00|5,20|24,00|||
|C110|224||
|C190|000|5929|0,00|800,00|0,00|0,00|0,00|0,00|0,00|0,00||
|C100|1|0|C44417560382|55|00|4|38514|23181214045341000198550040000385141183256675|20122018|20122018|1900,00|2|43,79|0,00|1943,79|1|0,00|0,00|0,00|0,00|0,00|0,00|0,00|0,00|12,35|57,00|||
|C110|225||
|C190|000|5929|0,00|1900,00|0,00|0,00|0,00|0,00|0,00|0,00||
|C100|1|0|C66040744391|55|00|4|38515|23181214045341000198550040000385151117099076|20122018|20122018|700,00|2|28,01|0,00|728,01|1|0,00|0,00|0,00|0,00|0,00|0,00|0,00|0,00|4,55|21,00|||
|C110|226||
|C190|000|5929|0,00|700,00|0,00|0,00|0,00|0,00|0,00|0,00||
|C100|1|0|C91984777300|55|00|4|38516|23181214045341000198550040000385161834332620|20122018|20122018|800,00|2|20,41|0,00|820,41|1|0,00|0,00|0,00|0,00|0,00|0,00|0,00|0,00|5,20|24,00|||
|C110|227||
|C190|060|5929|0,00|800,00|0,00|0,00|0,00|0,00|0,00|0,00||
|C100|1|0|C20337515387|55|00|4|38517|23181214045341000198550040000385171529992953|20122018|20122018|380,00|2|0,00|0,00|380,00|1|0,00|0,00|0,00|0,00|0,00|0,00|0,00|0,00|2,47|11,40|||
|C110|228||
|C190|060|5929|0,00|380,00|0,00|0,00|0,00|0,00|0,00|0,00||
|C100|1|0|C77125169368|55|00|4|38518|23181214045341000198550040000385181152681101|20122018|20122018|1250,00|2|0,00|0,00|1250,00|1|0,00|0,00|0,00|0,00|0,00|0,00|0,00|0,00|8,13|37,50|||
|C110|229||
|C190|000|5929|0,00|1250,00|0,00|0,00|0,00|0,00|0,00|0,00||
|C100|1|0|C44054106315|55|00|4|38519|23181214045341000198550040000385191222673622|20122018|20122018|1560,00|2|0,00|0,00|1560,00|1|0,00|0,00|0,00|0,00|0,00|0,00|0,00|0,00|10,15|46,80|||
|C110|230||
|C190|000|5929|0,00|1560,00|0,00|0,00|0,00|0,00|0,00|0,00||
|C100|1|0|C22111506320|55|00|4|38520|23181214045341000198550040000385201778490868|20122018|20122018|4500,00|2|320,00|0,00|4820,00|1|0,00|0,00|0,00|0,00|0,00|0,00|0,00|0,00|29,25|134,99|||
|C110|231||
|C190|000|5929|0,00|4500,00|0,00|0,00|0,00|0,00|0,00|0,00||
|C100|1|0|C42438489391|55|00|4|38521|23181214045341000198550040000385211952328878|20122018|20122018|860,00|2|34,72|0,00|894,72|1|0,00|0,00|0,00|0,00|0,00|0,00|0,00|0,00|5,59|25,80|||
|C110|232||
|C190|400|5929|0,00|860,00|0,00|0,00|0,00|0,00|0,00|0,00||
|C100|1|0|C60416853307|55|00|4|38522|23181214045341000198550040000385221872670470|20122018|20122018|2700,00|2|96,95|0,00|2796,95|1|0,00|0,00|0,00|0,00|0,00|0,00|0,00|0,00|17,56|81,00|||
|C110|233||
|C190|000|5929|0,00|2700,00|0,00|0,00|0,00|0,00|0,00|0,00||
|C100|1|0|C02737337453|55|00|4|38523|23181214045341000198550040000385231367098907|20122018|20122018|1700,00|2|51,85|0,00|1751,85|1|0,00|0,00|0,00|0,00|0,00|0,00|0,00|0,00|11,05|51,00|||
|C110|234||
|C190|000|5929|0,00|1700,00|0,00|0,00|0,00|0,00|0,00|0,00||
|C100|1|0|C02500661000101|55|00|4|38524|23181214045341000198550040000385241737657791|20122018|20122018|2000,00|2|0,00|0,00|2000,00|1|0,00|0,00|0,00|0,00|0,00|0,00|0,00|0,00|13,00|60,00|||
|C110|235||
|C190|000|5929|0,00|2000,00|0,00|0,00|0,00|0,00|0,00|0,00||
|C100|1|0|C88442888349|55|00|4|38525|23181214045341000198550040000385251249855109|20122018|20122018|9694,80|2|1079,72|0,00|10774,52|1|0,00|0,00|0,00|0,00|0,00|0,00|0,00|0,00|63,02|290,84|||
|C110|236||
|C190|000|5929|0,00|9694,80|0,00|0,00|0,00|0,00|0,00|0,00||
|C100|1|0|C88442888349|55|00|4|38526|23181214045341000198550040000385261858959300|20122018|20122018|1007,25|2|0,00|0,00|1007,25|1|0,00|0,00|0,00|0,00|0,00|0,00|0,00|0,00|6,55|30,22|||
|C110|237||
|C190|060|5929|0,00|1007,25|0,00|0,00|0,00|0,00|0,00|0,00||
|C100|1|0|C88442888349|55|00|4|38527|23181214045341000198550040000385271682944869|20122018|20122018|905,27|2|0,00|0,00|905,27|1|0,00|0,00|0,00|0,00|0,00|0,00|0,00|0,00|5,88|27,16|||
|C110|238||
|C190|260|5929|0,00|905,27|0,00|0,00|0,00|0,00|0,00|0,00||
|C100|1|0|C88442888349|55|00|4|38528|23181214045341000198550040000385281194463010|20122018|20122018|9192,68|2|0,00|0,00|9192,68|1|0,00|0,00|0,00|0,00|0,00|0,00|0,00|0,00|59,75|275,78|||
|C110|239||
|C190|000|5929|0,00|9192,68|0,00|0,00|0,00|0,00|0,00|0,00||
|C100|1|0|C12354213000109|55|00|4|38529|23181214045341000198550040000385291795163689|21122018|21122018|500,00|2|6,61|0,00|506,61|1|0,00|0,00|0,00|0,00|0,00|0,00|0,00|0,00|3,25|15,00|||
|C190|060|5403|0,00|500,00|0,00|0,00|0,00|0,00|0,00|0,00||
|C100|1|0|C08318220000170|55|00|4|38530|23181214045341000198550040000385301849239107|21122018|21122018|263,28|2|0,00|0,00|263,28|1|0,00|0,00|0,00|0,00|0,00|0,00|0,00|0,00|1,71|7,90|||
|C110|240||
|C113|0|1|F08318220000170|55|1||182246|20122018|23181208318220000170550010001822461321170265|
|C190|040|5411|0,00|263,28|0,00|0,00|0,00|0,00|0,00|0,00||
|C100|1|0|C29590170000155|55|00|4|38531|23181214045341000198550040000385311656287778|21122018|21122018|2845,00|2|105,74|0,00|2950,74|1|0,00|0,00|0,00|0,00|0,00|0,00|0,00|0,00|18,50|85,35|||
|C190|060|5403|0,00|2845,00|0,00|0,00|0,00|0,00|0,00|0,00||
|C100|1|0|C23726621000152|55|00|4|38532|23181214045341000198550040000385321021579094|21122018|21122018|350,00|2|0,00|0,00|350,00|1|0,00|0,00|0,00|0,00|0,00|0,00|0,00|0,00|2,28|10,50|||
|C190|060|5403|0,00|350,00|0,00|0,00|0,00|0,00|0,00|0,00||
|C100|1|0|C07462875000154|55|00|4|38533|23181214045341000198550040000385331282603360|21122018|21122018|1000,00|2|0,00|0,00|1000,00|1|0,00|0,00|0,00|0,00|0,00|0,00|0,00|0,00|6,50|30,00|||
|C190|260|5403|0,00|1000,00|0,00|0,00|0,00|0,00|0,00|0,00||
|C100|1|0|C07462875000154|55|00|4|38534|23181214045341000198550040000385341296940159|21122018|21122018|800,00|2|0,00|0,00|800,00|1|0,00|0,00|0,00|0,00|0,00|0,00|0,00|0,00|5,20|24,00|||
|C190|260|5403|0,00|800,00|0,00|0,00|0,00|0,00|0,00|0,00||
|C100|1|0|C41597303000625|55|00|4|38535|23181214045341000198550040000385351846585833|21122018|21122018|311,23|2|0,00|0,00|311,23|1|0,00|0,00|0,00|0,00|0,00|0,00|0,00|0,00|2,02|9,34|||
|C190|060|5403|0,00|311,23|0,00|0,00|0,00|0,00|0,00|0,00||
|C100|1|0|C03272662367|55|00|4|38536|23181214045341000198550040000385361409398359|21122018|21122018|2235,00|2|17,15|0,00|2252,15|1|0,00|0,00|0,00|0,00|0,00|0,00|0,00|0,00|14,52|67,05|||
|C110|241||
|C190|000|5929|0,00|1899,48|0,00|0,00|0,00|0,00|0,00|0,00||
|C190|060|5929|0,00|335,52|0,00|0,00|0,00|0,00|0,00|0,00||
|C100|1|0|C03272662367|55|00|4|38537|23181214045341000198550040000385371053499440|21122018|21122018|3900,00|2|20,00|0,00|3920,00|1|0,00|0,00|0,00|0,00|0,00|0,00|0,00|0,00|25,35|117,00|||
|C110|242||
|C190|000|5929|0,00|3858,93|0,00|0,00|0,00|0,00|0,00|0,00||
|C190|060|5929|0,00|41,07|0,00|0,00|0,00|0,00|0,00|0,00||
|C100|1|0|C02680200357|55|00|4|38538|23181214045341000198550040000385381112421195|21122018|21122018|290,00|2|3,21|0,00|293,21|1|0,00|0,00|0,00|0,00|0,00|0,00|0,00|0,00|1,89|8,70|||
|C110|243||
|C190|000|5929|0,00|290,00|0,00|0,00|0,00|0,00|0,00|0,00||
|C100|1|0|C02460357303|55|00|4|38539|23181214045341000198550040000385391989004205|21122018|21122018|4000,00|2|0,00|0,00|4000,00|1|0,00|0,00|0,00|0,00|0,00|0,00|0,00|0,00|26,00|120,00|||
|C110|244||
|C190|000|5929|0,00|590,23|0,00|0,00|0,00|0,00|0,00|0,00||
|C190|260|5929|0,00|3409,77|0,00|0,00|0,00|0,00|0,00|0,00||
|C100|1|0|C45754942320|55|00|4|38540|23181214045341000198550040000385401481253550|21122018|21122018|400,00|2|3,56|0,00|403,56|1|0,00|0,00|0,00|0,00|0,00|0,00|0,00|0,00|2,60|12,00|||
|C110|245||
|C190|000|5929|0,00|400,00|0,00|0,00|0,00|0,00|0,00|0,00||
|C100|1|0|C51286459320|55|00|4|38541|23181214045341000198550040000385411736485866|21122018|21122018|600,00|2|24,18|0,00|624,18|1|0,00|0,00|0,00|0,00|0,00|0,00|0,00|0,00|3,90|18,00|||
|C110|246||
|C190|000|5929|0,00|600,00|0,00|0,00|0,00|0,00|0,00|0,00||
|C100|1|0|C36752304572|55|00|4|38542|23181214045341000198550040000385421469147732|21122018|21122018|7160,00|2|3,58|0,00|7163,58|1|0,00|0,00|0,00|0,00|0,00|0,00|0,00|0,00|46,54|214,79|||
|C110|247||
|C190|000|5929|0,00|4029,44|0,00|0,00|0,00|0,00|0,00|0,00||
|C190|260|5929|0,00|3130,56|0,00|0,00|0,00|0,00|0,00|0,00||
|C100|1|0|C00749590343|55|00|4|38543|23181214045341000198550040000385431097819855|21122018|21122018|1100,00|2|31,46|0,00|1131,46|1|0,00|0,00|0,00|0,00|0,00|0,00|0,00|0,00|7,15|33,00|||
|C110|248||
|C190|000|5929|0,00|263,90|0,00|0,00|0,00|0,00|0,00|0,00||
|C190|260|5929|0,00|836,10|0,00|0,00|0,00|0,00|0,00|0,00||
|C100|1|0|C04520920353|55|00|4|38544|23181214045341000198550040000385441848849446|21122018|21122018|470,00|2|13,68|0,00|483,68|1|0,00|0,00|0,00|0,00|0,00|0,00|0,00|0,00|3,06|14,10|||
|C110|249||
|C190|000|5929|0,00|470,00|0,00|0,00|0,00|0,00|0,00|0,00||
|C100|1|0|C02595940325|55|00|4|38545|23181214045341000198550040000385451550776525|21122018|21122018|1000,00|2|41,80|0,00|1041,80|1|0,00|0,00|0,00|0,00|0,00|0,00|0,00|0,00|6,50|30,00|||
|C110|250||
|C190|000|5929|0,00|1000,00|0,00|0,00|0,00|0,00|0,00|0,00||
|C100|1|0|C00749590343|55|00|4|38546|23181214045341000198550040000385461180457819|21122018|21122018|400,00|2|9,88|0,00|409,88|1|0,00|0,00|0,00|0,00|0,00|0,00|0,00|0,00|2,60|12,00|||
|C110|251||
|C190|000|5929|0,00|400,00|0,00|0,00|0,00|0,00|0,00|0,00||
|C100|1|0|C07308663353|55|00|4|38547|23181214045341000198550040000385471145158220|21122018|21122018|1970,00|2|0,00|0,00|1970,00|1|0,00|0,00|0,00|0,00|0,00|0,00|0,00|0,00|12,82|59,10|||
|C110|252||
|C190|000|5929|0,00|1970,00|0,00|0,00|0,00|0,00|0,00|0,00||
|C100|1|0|C20347723349|55|00|4|38548|23181214045341000198550040000385481380452327|21122018|21122018|1790,00|2|105,02|0,00|1895,02|1|0,00|0,00|0,00|0,00|0,00|0,00|0,00|0,00|11,64|53,69|||
|C110|253||
|C190|000|5929|0,00|889,89|0,00|0,00|0,00|0,00|0,00|0,00||
|C190|260|5929|0,00|900,11|0,00|0,00|0,00|0,00|0,00|0,00||
|C100|1|0|C02388414300|55|00|4|38549|23181214045341000198550040000385491517494337|21122018|21122018|293,00|2|0,00|0,00|293,00|1|0,00|0,00|0,00|0,00|0,00|0,00|0,00|0,00|1,91|8,79|||
|C110|254||
|C190|000|5929|0,00|293,00|0,00|0,00|0,00|0,00|0,00|0,00||
|C100|1|0|C72566367000188|55|00|4|38550|23181214045341000198550040000385501969839066|24122018|24122018|450,00|2|3,30|0,00|453,30|1|0,00|0,00|0,00|0,00|0,00|0,00|0,00|0,00|2,93|13,50|||
|C190|060|5403|0,00|450,00|0,00|0,00|0,00|0,00|0,00|0,00||
|C100|1|0|C07208184000129|55|00|4|38551|23181214045341000198550040000385511137376659|24122018|24122018|600,00|2|0,00|0,00|600,00|1|0,00|0,00|0,00|0,00|0,00|0,00|0,00|0,00|3,90|18,00|||
|C190|060|5403|0,00|600,00|0,00|0,00|0,00|0,00|0,00|0,00||
|C100|1|0|C07739107000103|55|00|4|38552|23181214045341000198550040000385521381825987|24122018|24122018|4950,00|2|0,00|0,00|4950,00|1|0,00|0,00|0,00|0,00|0,00|0,00|0,00|0,00|32,17|148,50|||
|C190|060|5403|0,00|3558,44|0,00|0,00|0,00|0,00|0,00|0,00||
|C190|260|5403|0,00|1391,56|0,00|0,00|0,00|0,00|0,00|0,00||
|C100|1|0|C41597303000625|55|00|4|38553|23181214045341000198550040000385531044373832|24122018|24122018|384,15|2|0,00|0,00|384,15|1|0,00|0,00|0,00|0,00|0,00|0,00|0,00|0,00|2,50|11,52|||
|C190|260|5403|0,00|384,15|0,00|0,00|0,00|0,00|0,00|0,00||
|C100|1|0|C41597303000544|55|00|4|38554|23181214045341000198550040000385541841089663|24122018|24122018|311,23|2|0,00|0,00|311,23|1|0,00|0,00|0,00|0,00|0,00|0,00|0,00|0,00|2,02|9,34|||
|C190|060|5403|0,00|311,23|0,00|0,00|0,00|0,00|0,00|0,00||
|C100|1|0|C10352056000169|55|00|4|38555|23181214045341000198550040000385551397286330|24122018|24122018|600,00|2|20,57|0,00|620,57|1|0,00|0,00|0,00|0,00|0,00|0,00|0,00|0,00|3,90|18,00|||
|C190|060|5403|0,00|600,00|0,00|0,00|0,00|0,00|0,00|0,00||
|C100|1|0|C03417832349|55|00|4|38556|23181214045341000198550040000385561233591170|24122018|24122018|5196,00|2|364,00|0,00|5560,00|1|0,00|0,00|0,00|0,00|0,00|0,00|0,00|0,00|33,77|155,88|||
|C110|255||
|C190|000|5929|0,00|5196,00|0,00|0,00|0,00|0,00|0,00|0,00||
|C100|1|0|C32206429349|55|00|4|38557|23181214045341000198550040000385571198316790|24122018|24122018|4500,00|2|108,75|0,00|4608,75|1|0,00|0,00|0,00|0,00|0,00|0,00|0,00|0,00|29,24|135,01|||
|C110|256||
|C190|000|5929|0,00|4500,00|0,00|0,00|0,00|0,00|0,00|0,00||
|C100|1|0|C17683874272|55|00|4|38558|23181214045341000198550040000385581006555739|24122018|24122018|1470,00|2|0,00|0,00|1470,00|1|0,00|0,00|0,00|0,00|0,00|0,00|0,00|0,00|9,56|44,11|||
|C110|257||
|C190|000|5929|0,00|1199,16|0,00|0,00|0,00|0,00|0,00|0,00||
|C190|060|5929|0,00|270,84|0,00|0,00|0,00|0,00|0,00|0,00||
|C100|1|0|C95704272304|55|00|4|38559|23181214045341000198550040000385591563821961|24122018|24122018|3000,00|2|104,34|0,00|3104,34|1|0,00|0,00|0,00|0,00|0,00|0,00|0,00|0,00|19,50|90,00|||
|C110|258||
|C190|000|5929|0,00|2079,11|0,00|0,00|0,00|0,00|0,00|0,00||
|C190|260|5929|0,00|920,89|0,00|0,00|0,00|0,00|0,00|0,00||
|C100|1|0|C12246700353|55|00|4|38560|23181214045341000198550040000385601145598818|24122018|24122018|1400,00|2|0,00|0,00|1400,00|1|0,00|0,00|0,00|0,00|0,00|0,00|0,00|0,00|9,10|42,00|||
|C110|259||
|C190|000|5929|0,00|1400,00|0,00|0,00|0,00|0,00|0,00|0,00||
|C100|1|0|C04272811304|55|00|4|38561|23181214045341000198550040000385611357150885|24122018|24122018|3500,00|2|165,08|0,00|3665,08|1|0,00|0,00|0,00|0,00|0,00|0,00|0,00|0,00|22,75|105,00|||
|C110|260||
|C190|260|5929|0,00|3500,00|0,00|0,00|0,00|0,00|0,00|0,00||
|C100|1|0|C16481682304|55|00|4|38562|23181214045341000198550040000385621805447824|24122018|24122018|710,00|2|0,00|0,00|710,00|1|0,00|0,00|0,00|0,00|0,00|0,00|0,00|0,00|4,62|21,30|||
|C110|261||
|C190|060|5929|0,00|710,00|0,00|0,00|0,00|0,00|0,00|0,00||
|C100|1|0|C08157987334|55|00|4|38563|23181214045341000198550040000385631635601590|24122018|24122018|2180,00|2|199,30|0,00|2379,30|1|0,00|0,00|0,00|0,00|0,00|0,00|0,00|0,00|14,17|65,40|||
|C110|262||
|C190|000|5929|0,00|2180,00|0,00|0,00|0,00|0,00|0,00|0,00||
|C100|1|0|C00749590343|55|00|4|38564|23181214045341000198550040000385641159647416|24122018|24122018|400,00|2|9,88|0,00|409,88|1|0,00|0,00|0,00|0,00|0,00|0,00|0,00|0,00|2,60|12,00|||
|C110|263||
|C190|000|5929|0,00|400,00|0,00|0,00|0,00|0,00|0,00|0,00||
|C100|1|0|C23340630372|55|00|4|38565|23181214045341000198550040000385651045919406|24122018|24122018|1740,00|2|0,00|0,00|1740,00|1|0,00|0,00|0,00|0,00|0,00|0,00|0,00|0,00|11,32|52,20|||
|C110|264||
|C190|000|5929|0,00|1740,00|0,00|0,00|0,00|0,00|0,00|0,00||
|C100|1|0|C31928242391|55|00|4|38566|23181214045341000198550040000385661238295274|26122018|26122018|1640,00|2|10,00|0,00|1650,00|1|0,00|0,00|0,00|0,00|0,00|0,00|0,00|0,00|10,66|49,20|||
|C110|265||
|C190|000|5929|0,00|1640,00|0,00|0,00|0,00|0,00|0,00|0,00||
|C100|1|0|C07814614309|55|00|4|38567|23181214045341000198550040000385671456189180|26122018|26122018|1920,00|2|0,00|0,00|1920,00|1|0,00|0,00|0,00|0,00|0,00|0,00|0,00|0,00|12,49|57,60|||
|C110|266||
|C190|000|5929|0,00|1920,00|0,00|0,00|0,00|0,00|0,00|0,00||
|C100|1|0|C60513848398|55|00|4|38568|23181214045341000198550040000385681561182880|26122018|26122018|947,00|2|10,25|0,00|957,25|1|0,00|0,00|0,00|0,00|0,00|0,00|0,00|0,00|6,16|28,42|||
|C110|267||
|C190|000|5929|0,00|927,08|0,00|0,00|0,00|0,00|0,00|0,00||
|C190|060|5929|0,00|19,92|0,00|0,00|0,00|0,00|0,00|0,00||
|C100|1|0|C05198450308|55|00|4|38569|23181214045341000198550040000385691880813183|26122018|26122018|2790,00|2|61,82|0,00|2851,82|1|0,00|0,00|0,00|0,00|0,00|0,00|0,00|0,00|18,14|83,70|||
|C110|268||
|C190|000|5929|0,00|1948,63|0,00|0,00|0,00|0,00|0,00|0,00||
|C190|260|5929|0,00|841,37|0,00|0,00|0,00|0,00|0,00|0,00||
|C100|1|0|C24064360397|55|00|4|38570|23181214045341000198550040000385701287478568|26122018|26122018|3200,00|2|185,29|0,00|3385,29|1|0,00|0,00|0,00|0,00|0,00|0,00|0,00|0,00|20,80|96,00|||
|C110|269||
|C190|000|5929|0,00|3200,00|0,00|0,00|0,00|0,00|0,00|0,00||
|C100|1|0|C14809659000289|55|00|4|38571|23181214045341000198550040000385711789400228|26122018|26122018|1648,75|2|0,00|0,00|1648,75|1|0,00|0,00|0,00|0,00|0,00|0,00|0,00|0,00|10,72|49,46|||
|C190|060|5403|0,00|1648,75|0,00|0,00|0,00|0,00|0,00|0,00||
|C100|1|0|C72056657368|55|00|4|38572|23181214045341000198550040000385721022109445|26122018|26122018|4900,00|2|122,20|0,00|5022,20|2|0,00|0,00|0,00|0,00|0,00|0,00|0,00|0,00|31,86|147,00|||
|C110|270||
|C190|000|5929|0,00|4857,61|0,00|0,00|0,00|0,00|0,00|0,00||
|C190|060|5929|0,00|42,39|0,00|0,00|0,00|0,00|0,00|0,00||
|C100|1|0|C79599249372|55|00|4|38573|23181214045341000198550040000385731951794790|26122018|26122018|800,00|2|52,21|0,00|852,21|1|0,00|0,00|0,00|0,00|0,00|0,00|0,00|0,00|5,20|24,00|||
|C110|271||
|C190|000|5929|0,00|800,00|0,00|0,00|0,00|0,00|0,00|0,00||
|C100|1|0|C08841721391|55|00|4|38574|23181214045341000198550040000385741434091742|26122018|26122018|275,00|2|0,00|0,00|275,00|1|0,00|0,00|0,00|0,00|0,00|0,00|0,00|0,00|1,79|8,25|||
|C110|272||
|C190|000|5929|0,00|75,00|0,00|0,00|0,00|0,00|0,00|0,00||
|C190|060|5929|0,00|200,00|0,00|0,00|0,00|0,00|0,00|0,00||
|C100|1|0|C35945125334|55|00|4|38575|23181214045341000198550040000385751280796471|26122018|26122018|3000,00|2|149,31|0,00|3149,31|1|0,00|0,00|0,00|0,00|0,00|0,00|0,00|0,00|19,50|90,00|||
|C110|273||
|C190|000|5929|0,00|3000,00|0,00|0,00|0,00|0,00|0,00|0,00||
|C100|1|0|C28442180320|55|00|4|38576|23181214045341000198550040000385761269765821|26122018|26122018|4375,00|2|101,73|0,00|4476,73|1|0,00|0,00|0,00|0,00|0,00|0,00|0,00|0,00|28,43|131,25|||
|C110|274||
|C190|000|5929|0,00|4336,68|0,00|0,00|0,00|0,00|0,00|0,00||
|C190|060|5929|0,00|38,32|0,00|0,00|0,00|0,00|0,00|0,00||
|C100|1|0|C60949950319|55|00|4|38580|23181214045341000198550040000385801441601472|26122018|26122018|249,40|2|0,00|0,00|249,40|1|0,00|0,00|0,00|0,00|0,00|0,00|0,00|0,00|1,62|7,48|||
|C190|060|5910|0,00|249,40|0,00|0,00|0,00|0,00|0,00|0,00||
|C100|1|0|C39186598368|55|00|4|38581|23181214045341000198550040000385811965852242|26122018|26122018|3000,00|2|0,00|0,00|3000,00|1|0,00|0,00|0,00|0,00|0,00|0,00|0,00|0,00|19,52|90,00|||
|C110|275||
|C190|000|5929|0,00|2850,00|0,00|0,00|0,00|0,00|0,00|0,00||
|C190|060|5929|0,00|150,00|0,00|0,00|0,00|0,00|0,00|0,00||
|C100|1|0|C00769039316|55|00|4|38582|23181214045341000198550040000385821529173322|26122018|26122018|1290,00|2|86,55|0,00|1376,55|1|0,00|0,00|0,00|0,00|0,00|0,00|0,00|0,00|8,39|38,70|||
|C110|276||
|C190|000|5929|0,00|346,08|0,00|0,00|0,00|0,00|0,00|0,00||
|C190|060|5929|0,00|943,92|0,00|0,00|0,00|0,00|0,00|0,00||
|C100|1|0|C04668567337|55|00|4|38583|23181214045341000198550040000385831105517897|26122018|26122018|700,00|2|0,00|0,00|700,00|1|0,00|0,00|0,00|0,00|0,00|0,00|0,00|0,00|4,55|21,00|||
|C110|277||
|C190|260|5929|0,00|700,00|0,00|0,00|0,00|0,00|0,00|0,00||
|C100|1|0|C23251808320|55|00|4|38584|23181214045341000198550040000385841016649396|26122018|26122018|590,00|2|0,00|0,00|590,00|1|0,00|0,00|0,00|0,00|0,00|0,00|0,00|0,00|3,84|17,70|||
|C110|278||
|C190|000|5929|0,00|590,00|0,00|0,00|0,00|0,00|0,00|0,00||
|C100|1|0|C76740587191|55|00|4|38585|23181214045341000198550040000385851122914836|26122018|26122018|600,00|2|24,18|0,00|624,18|1|0,00|0,00|0,00|0,00|0,00|0,00|0,00|0,00|3,90|18,00|||
|C110|279||
|C190|000|5929|0,00|600,00|0,00|0,00|0,00|0,00|0,00|0,00||
|C100|1|0|C00114334340|55|00|4|38586|23181214045341000198550040000385861295354155|27122018|27122018|496,44|2|0,00|0,00|496,44|1|0,00|0,00|0,00|0,00|0,00|0,00|0,00|0,00|3,23|14,89|||
|C190|060|5910|0,00|496,44|0,00|0,00|0,00|0,00|0,00|0,00||
|C100|1|0|C17899662000148|55|00|4|38587|23181214045341000198550040000385871717861539|27122018|27122018|480,00|2|0,00|0,00|480,00|1|0,00|0,00|0,00|0,00|0,00|0,00|0,00|0,00|3,12|14,40|||
|C190|060|5403|0,00|480,00|0,00|0,00|0,00|0,00|0,00|0,00||
|C100|1|0|C41597303000544|55|00|4|38588|23181214045341000198550040000385881216685336|27122018|27122018|311,23|2|0,00|0,00|311,23|1|0,00|0,00|0,00|0,00|0,00|0,00|0,00|0,00|2,02|9,34|||
|C190|060|5403|0,00|311,23|0,00|0,00|0,00|0,00|0,00|0,00||
|C100|1|0|C58244409304|55|00|4|38589|23181214045341000198550040000385891197436892|27122018|27122018|1225,00|2|25,78|0,00|1250,78|1|0,00|0,00|0,00|0,00|0,00|0,00|0,00|0,00|7,96|36,75|||
|C110|280||
|C190|000|5929|0,00|1225,00|0,00|0,00|0,00|0,00|0,00|0,00||
|C100|1|0|C22068716372|55|00|4|38590|23181214045341000198550040000385901791408279|27122018|27122018|890,00|2|0,00|0,00|890,00|1|0,00|0,00|0,00|0,00|0,00|0,00|0,00|0,00|5,79|26,70|||
|C110|281||
|C190|000|5929|0,00|230,00|0,00|0,00|0,00|0,00|0,00|0,00||
|C190|060|5929|0,00|660,00|0,00|0,00|0,00|0,00|0,00|0,00||
|C100|1|0|C46885200344|55|00|4|38591|23181214045341000198550040000385911214374193|27122018|27122018|500,00|2|6,61|0,00|506,61|1|0,00|0,00|0,00|0,00|0,00|0,00|0,00|0,00|3,25|15,00|||
|C110|282||
|C190|000|5929|0,00|500,00|0,00|0,00|0,00|0,00|0,00|0,00||
|C100|1|0|C31301550310|55|00|4|38592|23181214045341000198550040000385921679953982|27122018|27122018|4800,00|2|123,29|0,00|4923,29|1|0,00|0,00|0,00|0,00|0,00|0,00|0,00|0,00|31,20|144,00|||
|C110|283||
|C190|000|5929|0,00|3917,40|0,00|0,00|0,00|0,00|0,00|0,00||
|C190|260|5929|0,00|882,60|0,00|0,00|0,00|0,00|0,00|0,00||
|C100|1|0|C04505573320|55|00|4|38593|23181214045341000198550040000385931437629404|27122018|27122018|4690,00|2|130,00|0,00|4820,00|1|0,00|0,00|0,00|0,00|0,00|0,00|0,00|0,00|30,48|140,71|||
|C110|284||
|C190|000|5929|0,00|4690,00|0,00|0,00|0,00|0,00|0,00|0,00||
|C100|1|0|C15517470300|55|00|4|38594|23181214045341000198550040000385941005015613|27122018|27122018|1250,00|2|4,00|0,00|1254,00|1|0,00|0,00|0,00|0,00|0,00|0,00|0,00|0,00|8,12|37,50|||
|C110|285||
|C190|000|5929|0,00|1250,00|0,00|0,00|0,00|0,00|0,00|0,00||
|C100|1|0|C05083716356|55|00|4|38595|23181214045341000198550040000385951137626889|27122018|27122018|110,00|2|0,00|0,00|110,00|1|0,00|0,00|0,00|0,00|0,00|0,00|0,00|0,00|0,72|3,30|||
|C110|286||
|C190|000|5929|0,00|110,00|0,00|0,00|0,00|0,00|0,00|0,00||
|C100|1|0|C05083716356|55|00|4|38596|23181214045341000198550040000385961532258509|27122018|27122018|172,00|2|0,00|0,00|172,00|1|0,00|0,00|0,00|0,00|0,00|0,00|0,00|0,00|1,12|5,16|||
|C110|287||
|C190|000|5929|0,00|172,00|0,00|0,00|0,00|0,00|0,00|0,00||
|C100|1|0|C80615368387|55|00|4|38597|23181214045341000198550040000385971679162027|27122018|27122018|2000,00|2|244,91|0,00|2244,91|1|0,00|0,00|0,00|0,00|0,00|0,00|0,00|0,00|13,00|60,01|||
|C110|288||
|C190|000|5929|0,00|1508,01|0,00|0,00|0,00|0,00|0,00|0,00||
|C190|060|5929|0,00|491,99|0,00|0,00|0,00|0,00|0,00|0,00||
|C100|1|0|C80615368387|55|00|4|38598|23181214045341000198550040000385981111752307|27122018|27122018|1290,00|2|0,00|0,00|1290,00|1|0,00|0,00|0,00|0,00|0,00|0,00|0,00|0,00|8,39|38,70|||
|C110|289||
|C190|000|5929|0,00|1290,00|0,00|0,00|0,00|0,00|0,00|0,00||
|C100|1|0|C44055986734|55|00|4|38599|23181214045341000198550040000385991161795554|27122018|27122018|230,00|2|0,00|0,00|230,00|1|0,00|0,00|0,00|0,00|0,00|0,00|0,00|0,00|1,50|6,90|||
|C110|290||
|C190|000|5929|0,00|230,00|0,00|0,00|0,00|0,00|0,00|0,00||
|C100|1|0|C00694167371|55|00|4|38600|23181214045341000198550040000386001081113778|27122018|27122018|400,00|2|9,88|0,00|409,88|1|0,00|0,00|0,00|0,00|0,00|0,00|0,00|0,00|2,60|12,00|||
|C110|291||
|C190|000|5929|0,00|400,00|0,00|0,00|0,00|0,00|0,00|0,00||
|C100|1|0|C20423268368|55|00|4|38601|23181214045341000198550040000386011441427482|27122018|27122018|1700,00|2|100,00|0,00|1800,00|1|0,00|0,00|0,00|0,00|0,00|0,00|0,00|0,00|11,05|51,00|||
|C110|292||
|C190|000|5929|0,00|1700,00|0,00|0,00|0,00|0,00|0,00|0,00||
|C100|1|0|C63122421372|55|00|4|38602|23181214045341000198550040000386021402673807|27122018|27122018|530,00|2|0,00|0,00|530,00|1|0,00|0,00|0,00|0,00|0,00|0,00|0,00|0,00|3,45|15,90|||
|C110|293||
|C190|000|5929|0,00|530,00|0,00|0,00|0,00|0,00|0,00|0,00||
|C100|1|0|C23570830349|55|00|4|38603|23181214045341000198550040000386031962616393|27122018|27122018|5090,00|2|110,83|0,00|5200,83|1|0,00|0,00|0,00|0,00|0,00|0,00|0,00|0,00|33,07|152,71|||
|C110|294||
|C190|000|5929|0,00|3520,26|0,00|0,00|0,00|0,00|0,00|0,00||
|C190|260|5929|0,00|1569,74|0,00|0,00|0,00|0,00|0,00|0,00||
|C100|1|0|C78977770300|55|00|4|38604|23181214045341000198550040000386041557495630|27122018|27122018|1850,00|2|60,00|0,00|1910,00|1|0,00|0,00|0,00|0,00|0,00|0,00|0,00|0,00|12,02|55,50|||
|C110|295||
|C190|000|5929|0,00|823,30|0,00|0,00|0,00|0,00|0,00|0,00||
|C190|260|5929|0,00|1026,70|0,00|0,00|0,00|0,00|0,00|0,00||
|C100|1|0|C10352056000169|55|00|4|38609|23181214045341000198550040000386091882075772|27122018|27122018|196,94|2|0,00|0,00|196,94|1|0,00|0,00|0,00|0,00|0,00|0,00|0,00|0,00|1,28|5,91|||
|C190|060|5403|0,00|196,94|0,00|0,00|0,00|0,00|0,00|0,00||
|C100|1|0|C14045341000350|55|00|4|38610|23181214045341000198550040000386101079694560|27122018|27122018|1739,00|2|0,00|0,00|1739,00|1|0,00|0,00|0,00|1739,00|208,68|0,00|0,00|0,00|0,00|0,00|||
|C190|400|6409|12,00|1739,00|1739,00|208,68|0,00|0,00|0,00|0,00||
|C100|1|0|C00210234334|55|00|4|38611|23181214045341000198550040000386111008686368|27122018|27122018|500,00|2|0,00|0,00|500,00|1|0,00|0,00|0,00|0,00|0,00|0,00|0,00|0,00|3,25|15,00|||
|C110|296||
|C190|000|5929|0,00|500,00|0,00|0,00|0,00|0,00|0,00|0,00||
|C100|1|0|C22420649320|55|00|4|38612|23181214045341000198550040000386121728465413|27122018|27122018|3700,00|2|195,25|0,00|3895,25|1|0,00|0,00|0,00|0,00|0,00|0,00|0,00|0,00|24,05|111,00|||
|C110|297||
|C190|000|5929|0,00|3700,00|0,00|0,00|0,00|0,00|0,00|0,00||
|C100|1|0|C84239514304|55|00|4|38613|23181214045341000198550040000386131391290064|27122018|27122018|6840,00|2|13,33|0,00|6853,33|1|0,00|0,00|0,00|0,00|0,00|0,00|0,00|0,00|44,46|205,20|||
|C110|298||
|C190|000|5929|0,00|5888,93|0,00|0,00|0,00|0,00|0,00|0,00||
|C190|260|5929|0,00|951,07|0,00|0,00|0,00|0,00|0,00|0,00||
|C100|1|0|C22111506320|55|00|4|38614|23181214045341000198550040000386141850305381|28122018|28122018|4500,00|2|60,00|0,00|4560,00|1|0,00|0,00|0,00|0,00|0,00|0,00|0,00|0,00|29,25|135,00|||
|C190|060|5403|0,00|4500,00|0,00|0,00|0,00|0,00|0,00|0,00||
|C100|1|0|C14045341000350|55|00|4|38615|23181214045341000198550040000386151608915022|28122018|28122018|2702,79|2|0,00|0,00|2702,79|0|0,00|0,00|0,00|0,00|0,00|0,00|0,00|0,00|0,00|0,00|||
|C190|000|6409|0,00|2702,79|0,00|0,00|0,00|0,00|0,00|0,00||
|C100|1|0|C14045341000279|55|00|4|38616|23181214045341000198550040000386161684920640|28122018|28122018|2316,68|2|0,00|0,00|2316,68|1|0,00|0,00|0,00|0,00|0,00|0,00|0,00|0,00|0,00|0,00|||
|C190|040|6409|0,00|2316,68|0,00|0,00|0,00|0,00|0,00|0,00||
|C100|1|0|C85480509349|55|00|4|38617|23181214045341000198550040000386171845284063|28122018|28122018|49,12|2|0,00|0,00|49,12|1|0,00|0,00|0,00|0,00|0,00|0,00|0,00|0,00|0,32|1,47|||
|C190|060|5910|0,00|49,12|0,00|0,00|0,00|0,00|0,00|0,00||
|C100|1|0|C41597303000625|55|00|4|38618|23181214045341000198550040000386181277330598|28122018|28122018|359,96|2|0,00|0,00|359,96|1|0,00|0,00|0,00|0,00|0,00|0,00|0,00|0,00|2,34|10,80|||
|C190|060|5403|0,00|359,96|0,00|0,00|0,00|0,00|0,00|0,00||
|C100|1|0|C84239514304|55|00|4|38619|23181214045341000198550040000386191326009058|28122018|28122018|2300,00|2|0,00|0,00|2300,00|1|0,00|0,00|0,00|0,00|0,00|0,00|0,00|0,00|14,95|69,00|||
|C110|299||
|C190|000|5929|0,00|2300,00|0,00|0,00|0,00|0,00|0,00|0,00||
|C100|1|0|C00210234334|55|00|4|38620|23181214045341000198550040000386201204152949|28122018|28122018|3900,00|2|59,91|0,00|3959,91|1|0,00|0,00|0,00|0,00|0,00|0,00|0,00|0,00|25,36|117,01|||
|C110|300||
|C190|000|5929|0,00|2033,94|0,00|0,00|0,00|0,00|0,00|0,00||
|C190|260|5929|0,00|938,50|0,00|0,00|0,00|0,00|0,00|0,00||
|C190|400|5929|0,00|927,56|0,00|0,00|0,00|0,00|0,00|0,00||
|C100|1|0|C42394350300|55|00|4|38621|23181214045341000198550040000386211918288384|28122018|28122018|5500,00|2|70,00|0,00|5570,00|1|0,00|0,00|0,00|0,00|0,00|0,00|0,00|0,00|35,75|165,00|||
|C110|301||
|C190|000|5929|0,00|5500,00|0,00|0,00|0,00|0,00|0,00|0,00||
|C100|1|0|C43382754304|55|00|4|38622|23181214045341000198550040000386221104336600|28122018|28122018|1300,00|2|0,00|0,00|1300,00|1|0,00|0,00|0,00|0,00|0,00|0,00|0,00|0,00|8,46|39,00|||
|C110|302||
|C190|000|5929|0,00|1300,00|0,00|0,00|0,00|0,00|0,00|0,00||
|C100|1|0|C03731936372|55|00|4|38623|23181214045341000198550040000386231352887698|28122018|28122018|800,00|2|17,01|0,00|817,01|1|0,00|0,00|0,00|0,00|0,00|0,00|0,00|0,00|5,20|24,00|||
|C110|303||
|C190|260|5929|0,00|800,00|0,00|0,00|0,00|0,00|0,00|0,00||
|C100|1|0|C60416853307|55|00|4|38624|23181214045341000198550040000386241644468641|28122018|28122018|196,63|2|0,00|0,00|196,63|1|0,00|0,00|0,00|0,00|0,00|0,00|0,00|0,00|1,28|5,90|||
|C110|304||
|C190|000|5929|0,00|196,63|0,00|0,00|0,00|0,00|0,00|0,00||
|C100|1|0|C05453396342|55|00|4|38625|23181214045341000198550040000386251882877880|28122018|28122018|1850,00|2|51,15|0,00|1901,15|1|0,00|0,00|0,00|0,00|0,00|0,00|0,00|0,00|12,02|55,50|||
|C110|305||
|C190|000|5929|0,00|1829,37|0,00|0,00|0,00|0,00|0,00|0,00||
|C190|060|5929|0,00|20,63|0,00|0,00|0,00|0,00|0,00|0,00||
|C100|1|0|C54074061791|55|00|4|38626|23181214045341000198550040000386261909331171|28122018|28122018|765,00|2|1,33|0,00|766,33|1|0,00|0,00|0,00|0,00|0,00|0,00|0,00|0,00|4,97|22,95|||
|C110|306||
|C190|000|5929|0,00|765,00|0,00|0,00|0,00|0,00|0,00|0,00||
|C100|1|0|C73818100349|55|00|4|38627|23181214045341000198550040000386271123056894|28122018|28122018|1000,00|2|60,00|0,00|1060,00|1|0,00|0,00|0,00|0,00|0,00|0,00|0,00|0,00|6,50|30,00|||
|C110|307||
|C190|260|5929|0,00|1000,00|0,00|0,00|0,00|0,00|0,00|0,00||
|C100|1|0|C12246700353|55|00|4|38628|23181214045341000198550040000386281396101033|28122018|28122018|285,00|2|0,00|0,00|285,00|1|0,00|0,00|0,00|0,00|0,00|0,00|0,00|0,00|1,85|8,55|||
|C110|308||
|C190|000|5929|0,00|285,00|0,00|0,00|0,00|0,00|0,00|0,00||
|C100|1|0|C72991151315|55|00|4|38629|23181214045341000198550040000386291018995260|28122018|28122018|1575,00|2|105,00|0,00|1680,00|1|0,00|0,00|0,00|0,00|0,00|0,00|0,00|0,00|10,24|47,25|||
|C110|309||
|C190|000|5929|0,00|1575,00|0,00|0,00|0,00|0,00|0,00|0,00||
|C100|1|0|C25850474315|55|00|4|38630|23181214045341000198550040000386301849812422|28122018|28122018|1690,00|2|0,00|0,00|1690,00|1|0,00|0,00|0,00|0,00|0,00|0,00|0,00|0,00|10,99|50,70|||
|C110|310||
|C190|000|5929|0,00|1690,00|0,00|0,00|0,00|0,00|0,00|0,00||
|C100|1|0|C01109459300|55|00|4|38631|23181214045341000198550040000386311975520920|28122018|28122018|6905,00|2|5,00|0,00|6910,00|1|0,00|0,00|0,00|0,00|0,00|0,00|0,00|0,00|44,87|207,16|||
|C110|311||
|C190|000|5929|0,00|2758,01|0,00|0,00|0,00|0,00|0,00|0,00||
|C190|260|5929|0,00|3097,75|0,00|0,00|0,00|0,00|0,00|0,00||
|C190|400|5929|0,00|1049,24|0,00|0,00|0,00|0,00|0,00|0,00||
|C100|1|0|C09115013391|55|00|4|38632|23181214045341000198550040000386321661639850|28122018|28122018|390,00|2|0,00|0,00|390,00|1|0,00|0,00|0,00|0,00|0,00|0,00|0,00|0,00|2,54|11,70|||
|C110|312||
|C190|000|5929|0,00|390,00|0,00|0,00|0,00|0,00|0,00|0,00||
|C100|1|0|C42390842372|55|00|4|38633|23181214045341000198550040000386331627431068|28122018|28122018|2875,00|2|83,20|0,00|2958,20|1|0,00|0,00|0,00|0,00|0,00|0,00|0,00|0,00|18,69|86,25|||
|C110|313||
|C190|000|5929|0,00|2834,88|0,00|0,00|0,00|0,00|0,00|0,00||
|C190|060|5929|0,00|40,12|0,00|0,00|0,00|0,00|0,00|0,00||
|C100|1|0|C39365034353|55|00|4|38634|23181214045341000198550040000386341618942079|28122018|28122018|700,00|2|13,98|0,00|713,98|1|0,00|0,00|0,00|0,00|0,00|0,00|0,00|0,00|4,55|21,00|||
|C110|314||
|C190|000|5929|0,00|241,24|0,00|0,00|0,00|0,00|0,00|0,00||
|C190|060|5929|0,00|458,76|0,00|0,00|0,00|0,00|0,00|0,00||
|C100|1|0|C95704272304|55|00|4|38635|23181214045341000198550040000386351072133350|28122018|28122018|2000,00|2|12,97|0,00|2012,97|1|0,00|0,00|0,00|0,00|0,00|0,00|0,00|0,00|13,00|60,00|||
|C110|315||
|C190|000|5929|0,00|2000,00|0,00|0,00|0,00|0,00|0,00|0,00||
|C100|1|0|C60005942322|55|00|4|38637|23181214045341000198550040000386371106432731|28122018|28122018|5615,00|2|251,16|0,00|5866,16|1|0,00|0,00|0,00|0,00|0,00|0,00|0,00|0,00|36,50|168,46|||
|C110|316||
|C190|000|5929|0,00|5325,83|0,00|0,00|0,00|0,00|0,00|0,00||
|C190|060|5929|0,00|289,17|0,00|0,00|0,00|0,00|0,00|0,00||
|C100|1|0|C09479799308|55|00|4|38641|23181214045341000198550040000386411803732764|28122018|28122018|2142,72|2|0,00|0,00|2142,72|1|0,00|0,00|0,00|0,00|0,00|0,00|0,00|0,00|13,93|64,28|||
|C110|317||
|C190|000|5929|0,00|2142,72|0,00|0,00|0,00|0,00|0,00|0,00||
|C100|1|0|C01038840414|55|00|4|38642|23181214045341000198550040000386421394100187|28122018|28122018|3100,00|2|40,00|0,00|3140,00|1|0,00|0,00|0,00|0,00|0,00|0,00|0,00|0,00|20,15|93,00|||
|C110|318||
|C190|000|5929|0,00|2981,53|0,00|0,00|0,00|0,00|0,00|0,00||
|C190|060|5929|0,00|118,47|0,00|0,00|0,00|0,00|0,00|0,00||
|C100|1|0|C89494229304|55|00|4|38643|23181214045341000198550040000386431372714759|28122018|28122018|2170,00|2|117,33|0,00|2287,33|1|0,00|0,00|0,00|0,00|0,00|0,00|0,00|0,00|14,10|65,10|||
|C110|319||
|C190|000|5929|0,00|1354,10|0,00|0,00|0,00|0,00|0,00|0,00||
|C190|260|5929|0,00|815,90|0,00|0,00|0,00|0,00|0,00|0,00||
|C100|1|0|C76849228315|55|00|4|38644|23181214045341000198550040000386441390153639|28122018|28122018|955,00|2|43,07|0,00|998,07|1|0,00|0,00|0,00|0,00|0,00|0,00|0,00|0,00|6,21|28,65|||
|C110|320||
|C190|000|5929|0,00|955,00|0,00|0,00|0,00|0,00|0,00|0,00||
|C100|1|0|C03357716372|55|00|4|38645|23181214045341000198550040000386451301570864|28122018|28122018|500,00|2|6,61|0,00|506,61|1|0,00|0,00|0,00|0,00|0,00|0,00|0,00|0,00|3,25|15,00|||
|C110|321||
|C190|000|5929|0,00|500,00|0,00|0,00|0,00|0,00|0,00|0,00||
|C100|1|0|C06511722414|55|00|4|38646|23181214045341000198550040000386461241733913|28122018|28122018|590,00|2|0,00|0,00|590,00|1|0,00|0,00|0,00|0,00|0,00|0,00|0,00|0,00|3,84|17,70|||
|C110|322||
|C190|000|5929|0,00|590,00|0,00|0,00|0,00|0,00|0,00|0,00||
|C100|1|0|C03357716372|55|00|4|38647|23181214045341000198550040000386471417748133|28122018|28122018|2475,00|2|201,19|0,00|2676,19|1|0,00|0,00|0,00|0,00|0,00|0,00|0,00|0,00|16,09|74,25|||
|C110|323||
|C190|000|5929|0,00|2475,00|0,00|0,00|0,00|0,00|0,00|0,00||
|C100|1|0|C03738469320|55|00|4|38648|23181214045341000198550040000386481722886444|28122018|28122018|1300,00|2|0,00|0,00|1300,00|1|0,00|0,00|0,00|0,00|0,00|0,00|0,00|0,00|8,45|39,00|||
|C110|324||
|C190|000|5929|0,00|1300,00|0,00|0,00|0,00|0,00|0,00|0,00||
|C100|1|0|C06467718410|55|00|4|38649|23181214045341000198550040000386491869275270|28122018|28122018|150,00|2|5,49|0,00|155,49|1|0,00|0,00|0,00|0,00|0,00|0,00|0,00|0,00|0,98|4,50|||
|C110|325||
|C190|000|5929|0,00|150,00|0,00|0,00|0,00|0,00|0,00|0,00||
|C100|1|0|C11469534886|55|00|4|38650|23181214045341000198550040000386501431512325|28122018|28122018|3170,00|2|0,00|0,00|3170,00|1|0,00|0,00|0,00|0,00|0,00|0,00|0,00|0,00|20,61|95,10|||
|C110|326||
|C190|000|5929|0,00|3170,00|0,00|0,00|0,00|0,00|0,00|0,00||
|C100|1|0|C04929292387|55|00|4|38651|23181214045341000198550040000386511278195494|28122018|28122018|1750,00|2|52,92|0,00|1802,92|1|0,00|0,00|0,00|0,00|0,00|0,00|0,00|0,00|11,37|52,50|||
|C110|327||
|C190|000|5929|0,00|825,05|0,00|0,00|0,00|0,00|0,00|0,00||
|C190|260|5929|0,00|924,95|0,00|0,00|0,00|0,00|0,00|0,00||
|C100|1|0|C46141200320|55|00|4|38652|23181214045341000198550040000386521359266852|28122018|28122018|590,00|2|0,00|0,00|590,00|1|0,00|0,00|0,00|0,00|0,00|0,00|0,00|0,00|3,84|17,70|||
|C110|328||
|C190|000|5929|0,00|590,00|0,00|0,00|0,00|0,00|0,00|0,00||
|C100|1|0|C24020996000165|55|00|4|38638|23181214045341000198550040000386381237588198|29122018|29122018|2650,00|2|170,00|0,00|2820,00|1|0,00|0,00|0,00|0,00|0,00|0,00|0,00|0,00|17,22|79,50|||
|C190|060|5403|0,00|1653,90|0,00|0,00|0,00|0,00|0,00|0,00||
|C190|260|5403|0,00|996,10|0,00|0,00|0,00|0,00|0,00|0,00||
|C100|1|0|C14809659000106|55|00|4|38653|23181214045341000198550040000386531013789021|30122018|30122018|3000,00|2|71,20|0,00|3071,20|1|0,00|0,00|0,00|0,00|0,00|0,00|0,00|0,00|19,50|90,00|||
|C190|060|5403|0,00|1511,60|0,00|0,00|0,00|0,00|0,00|0,00||
|C190|260|5403|0,00|1488,40|0,00|0,00|0,00|0,00|0,00|0,00||
|C100|1|0|C14809659000106|55|00|4|38654|23181214045341000198550040000386541659310339|30122018|30122018|490,00|2|16,61|0,00|506,61|1|0,00|0,00|0,00|0,00|0,00|0,00|0,00|0,00|3,19|14,70|||
|C190|060|5403|0,00|490,00|0,00|0,00|0,00|0,00|0,00|0,00||
|C100|1|0|C05234761000121|55|00|4|38655|23181214045341000198550040000386551913513540|30122018|30122018|3490,00|2|0,00|0,00|3490,00|1|0,00|0,00|0,00|0,00|0,00|0,00|0,00|0,00|22,67|104,70|||
|C190|060|5403|0,00|3490,00|0,00|0,00|0,00|0,00|0,00|0,00||
|C100|1|0|C24020996000165|55|00|4|38656|23181214045341000198550040000386561303170743|30122018|30122018|2650,00|2|170,00|0,00|2820,00|1|0,00|0,00|0,00|0,00|0,00|0,00|0,00|0,00|17,22|79,50|||
|C190|060|5403|0,00|1653,90|0,00|0,00|0,00|0,00|0,00|0,00||
|C190|260|5403|0,00|996,10|0,00|0,00|0,00|0,00|0,00|0,00||
|C100|1|0|C41597303000625|55|00|4|38657|23181214045341000198550040000386571202080746|30122018|30122018|359,96|2|0,00|0,00|359,96|1|0,00|0,00|0,00|0,00|0,00|0,00|0,00|0,00|2,34|10,80|||
|C190|060|5403|0,00|359,96|0,00|0,00|0,00|0,00|0,00|0,00||
|C100|1|0|C41597303000625|55|00|4|38658|23181214045341000198550040000386581643113287|30122018|30122018|311,23|2|0,00|0,00|311,23|1|0,00|0,00|0,00|0,00|0,00|0,00|0,00|0,00|2,02|9,34|||
|C190|060|5403|0,00|311,23|0,00|0,00|0,00|0,00|0,00|0,00||
|C100|1|0|C41597303000625|55|00|4|38659|23181214045341000198550040000386591227910488|30122018|30122018|695,38|2|0,00|0,00|695,38|1|0,00|0,00|0,00|0,00|0,00|0,00|0,00|0,00|4,52|20,86|||
|C190|060|5403|0,00|311,23|0,00|0,00|0,00|0,00|0,00|0,00||
|C190|260|5403|0,00|384,15|0,00|0,00|0,00|0,00|0,00|0,00||
|C100|1|0|C81983166391|55|00|4|38660|23181214045341000198550040000386601838711360|30122018|30122018|1290,00|2|0,00|0,00|1290,00|1|0,00|0,00|0,00|0,00|0,00|0,00|0,00|0,00|8,39|38,70|||
|C110|329||
|C190|000|5929|0,00|1290,00|0,00|0,00|0,00|0,00|0,00|0,00||
|C100|1|0|C08157987334|55|00|4|38661|23181214045341000198550040000386611860324915|30122018|30122018|2000,00|2|231,58|0,00|2231,58|1|0,00|0,00|0,00|0,00|0,00|0,00|0,00|0,00|13,00|60,00|||
|C110|330||
|C190|000|5929|0,00|2000,00|0,00|0,00|0,00|0,00|0,00|0,00||
|C100|1|0|C23018844300|55|00|4|38662|23181214045341000198550040000386621593602754|30122018|30122018|1590,00|2|78,10|0,00|1668,10|1|0,00|0,00|0,00|0,00|0,00|0,00|0,00|0,00|10,33|47,70|||
|C110|331||
|C190|000|5929|0,00|1590,00|0,00|0,00|0,00|0,00|0,00|0,00||
|C100|1|0|C42001811268|55|00|4|38663|23181214045341000198550040000386631608942540|30122018|30122018|4000,00|2|0,00|0,00|4000,00|1|0,00|0,00|0,00|0,00|0,00|0,00|0,00|0,00|26,00|120,00|||
|C110|332||
|C190|000|5929|0,00|4000,00|0,00|0,00|0,00|0,00|0,00|0,00||
|C100|1|0|C02095399331|55|00|4|38664|23181214045341000198550040000386641794896547|30122018|30122018|5090,00|2|110,83|0,00|5200,83|1|0,00|0,00|0,00|0,00|0,00|0,00|0,00|0,00|33,07|152,71|||
|C110|333||
|C190|000|5929|0,00|3520,26|0,00|0,00|0,00|0,00|0,00|0,00||
|C190|260|5929|0,00|1569,74|0,00|0,00|0,00|0,00|0,00|0,00||
|C100|1|0|C25899481315|55|00|4|38665|23181214045341000198550040000386651343451734|30122018|30122018|750,00|2|16,33|0,00|766,33|1|0,00|0,00|0,00|0,00|0,00|0,00|0,00|0,00|4,88|22,50|||
|C110|334||
|C190|000|5929|0,00|750,00|0,00|0,00|0,00|0,00|0,00|0,00||
|C100|1|0|C03272662367|55|00|4|38666|23181214045341000198550040000386661792702170|30122018|30122018|1900,00|2|0,00|0,00|1900,00|1|0,00|0,00|0,00|0,00|0,00|0,00|0,00|0,00|12,35|57,00|||
|C110|335||
|C190|000|5929|0,00|1900,00|0,00|0,00|0,00|0,00|0,00|0,00||
|C100|1|0|C14244519300|55|00|4|38667|23181214045341000198550040000386671884071255|30122018|30122018|4060,00|2|186,19|0,00|4246,19|1|0,00|0,00|0,00|0,00|0,00|0,00|0,00|0,00|26,39|121,79|||
|C110|336||
|C190|000|5929|0,00|3065,60|0,00|0,00|0,00|0,00|0,00|0,00||
|C190|060|5929|0,00|994,40|0,00|0,00|0,00|0,00|0,00|0,00||
|C100|1|0|C04384475306|55|00|4|38668|23181214045341000198550040000386681380221641|30122018|30122018|2500,00|2|22,15|0,00|2522,15|1|0,00|0,00|0,00|0,00|0,00|0,00|0,00|0,00|16,25|75,00|||
|C110|337||
|C190|000|5929|0,00|2500,00|0,00|0,00|0,00|0,00|0,00|0,00||
|C100|1|0|C03877452388|55|00|4|38669|23181214045341000198550040000386691376101960|30122018|30122018|4830,00|2|22,70|0,00|4852,70|1|0,00|0,00|0,00|0,00|0,00|0,00|0,00|0,00|31,41|144,91|||
|C110|338||
|C190|000|5929|0,00|4830,00|0,00|0,00|0,00|0,00|0,00|0,00||
|C100|1|0|C01537271000143|55|00|4|38636|23181214045341000198550040000386361524706864|31122018|31122018|1395,00|2|0,00|0,00|1395,00|1|0,00|0,00|0,00|1395,00|167,40|0,00|0,00|0,00|9,07|41,85|||
|C190|000|6102|12,00|1395,00|1395,00|167,40|0,00|0,00|0,00|0,00||
|C100|1|0|C14045341000350|55|00|4|38670|23181214045341000198550040000386701142185913|31122018|31122018|1312,37|2|0,00|0,00|1312,37|1|0,00|0,00|0,00|1312,37|157,48|0,00|0,00|0,00|0,00|0,00|||
|C190|000|6409|12,00|1312,37|1312,37|157,48|0,00|0,00|0,00|0,00||
|C100|1|0|C14809659000106|55|00|4|38672|23181214045341000198550040000386721552735462|31122018|31122018|2800,00|2|117,65|0,00|2917,65|1|0,00|0,00|0,00|0,00|0,00|0,00|0,00|0,00|18,20|84,00|||
|C190|060|5403|0,00|1410,83|0,00|0,00|0,00|0,00|0,00|0,00||
|C190|260|5403|0,00|1389,17|0,00|0,00|0,00|0,00|0,00|0,00||
|C100|1|0|C41597303000625|55|00|4|38673|23181214045341000198550040000386731498406424|31122018|31122018|179,58|2|0,00|0,00|179,58|1|0,00|0,00|0,00|0,00|0,00|0,00|0,00|0,00|1,17|5,39|||
|C190|060|5403|0,00|179,58|0,00|0,00|0,00|0,00|0,00|0,00||
|C100|1|0|C13163388000193|55|00|4|38674|23181214045341000198550040000386741573060965|31122018|31122018|1766,00|2|0,46|0,00|1766,46|1|0,00|0,00|0,00|0,00|0,00|0,00|0,00|0,00|11,48|52,99|||
|C190|060|5403|0,00|1766,00|0,00|0,00|0,00|0,00|0,00|0,00||
|C100|1|0|C03962072357|55|00|4|38676|23181214045341000198550040000386761645938702|31122018|31122018|800,00|2|50,00|0,00|850,00|1|0,00|0,00|0,00|0,00|0,00|0,00|0,00|0,00|5,20|24,00|||
|C110|339||
|C190|000|5929|0,00|800,00|0,00|0,00|0,00|0,00|0,00|0,00||
|C100|1|0|C22218467372|55|00|4|38677|23181214045341000198550040000386771394982010|31122018|31122018|290,00|2|3,21|0,00|293,21|1|0,00|0,00|0,00|0,00|0,00|0,00|0,00|0,00|1,89|8,70|||
|C110|340||
|C190|000|5929|0,00|290,00|0,00|0,00|0,00|0,00|0,00|0,00||
|C100|1|0|C10288155300|55|00|4|38678|23181214045341000198550040000386781009978370|31122018|31122018|4500,00|2|83,29|0,00|4583,29|1|0,00|0,00|0,00|0,00|0,00|0,00|0,00|0,00|29,25|135,01|||
|C110|341||
|C190|000|5929|0,00|3078,77|0,00|0,00|0,00|0,00|0,00|0,00||
|C190|260|5929|0,00|1421,23|0,00|0,00|0,00|0,00|0,00|0,00||
|C100|1|0|C05956560304|55|00|4|38679|23181214045341000198550040000386791158712808|31122018|31122018|590,00|2|0,00|0,00|590,00|1|0,00|0,00|0,00|0,00|0,00|0,00|0,00|0,00|3,84|17,70|||
|C110|342||
|C190|000|5929|0,00|590,00|0,00|0,00|0,00|0,00|0,00|0,00||
|C100|1|0|C01038840414|55|00|4|38680|23181214045341000198550040000386801145415754|31122018|31122018|900,00|2|20,00|0,00|920,00|1|0,00|0,00|0,00|0,00|0,00|0,00|0,00|0,00|5,85|27,01|||
|C110|343||
|C190|000|5929|0,00|880,43|0,00|0,00|0,00|0,00|0,00|0,00||
|C190|060|5929|0,00|19,57|0,00|0,00|0,00|0,00|0,00|0,00||
|C100|1|0|C11758490306|55|00|4|38681|23181214045341000198550040000386811915422304|31122018|31122018|500,00|2|6,61|0,00|506,61|1|0,00|0,00|0,00|0,00|0,00|0,00|0,00|0,00|3,25|15,00|||
|C110|344||
|C190|000|5929|0,00|500,00|0,00|0,00|0,00|0,00|0,00|0,00||
|C100|1|0|C78743982387|55|00|4|38682|23181214045341000198550040000386821304603643|31122018|31122018|1000,00|2|60,00|0,00|1060,00|1|0,00|0,00|0,00|0,00|0,00|0,00|0,00|0,00|6,50|30,00|||
|C110|345||
|C190|260|5929|0,00|1000,00|0,00|0,00|0,00|0,00|0,00|0,00||
|C100|1|0|C61441864334|55|00|4|38683|23181214045341000198550040000386831979700466|31122018|31122018|116,00|2|0,00|0,00|116,00|1|0,00|0,00|0,00|0,00|0,00|0,00|0,00|0,00|0,75|3,48|||
|C110|346||
|C190|000|5929|0,00|116,00|0,00|0,00|0,00|0,00|0,00|0,00||
|C100|1|0|C64560660344|55|00|4|38684|23181214045341000198550040000386841418371436|31122018|31122018|4435,00|2|64,06|0,00|4499,06|1|0,00|0,00|0,00|0,00|0,00|0,00|0,00|0,00|28,83|133,05|||
|C110|347||
|C190|000|5929|0,00|3542,62|0,00|0,00|0,00|0,00|0,00|0,00||
|C190|260|5929|0,00|892,38|0,00|0,00|0,00|0,00|0,00|0,00||
|C100|1|0|C42001811268|55|00|4|38685|23181214045341000198550040000386851263842357|31122018|31122018|1991,82|2|223,22|0,00|2215,04|1|0,00|0,00|0,00|0,00|0,00|0,00|0,00|0,00|12,95|59,75|||
|C110|348||
|C190|000|5929|0,00|1991,82|0,00|0,00|0,00|0,00|0,00|0,00||
|C100|1|0|C00439759331|55|00|4|38686|23181214045341000198550040000386861682685452|31122018|31122018|480,00|2|0,00|0,00|480,00|1|0,00|0,00|0,00|0,00|0,00|0,00|0,00|0,00|3,12|14,40|||
|C110|349||
|C190|000|5929|0,00|480,00|0,00|0,00|0,00|0,00|0,00|0,00||
|C100|1|0|C04232272380|55|00|4|38687|23181214045341000198550040000386871638884477|31122018|31122018|350,00|2|10,00|0,00|360,00|1|0,00|0,00|0,00|0,00|0,00|0,00|0,00|0,00|2,28|10,50|||
|C110|350||
|C190|000|5929|0,00|350,00|0,00|0,00|0,00|0,00|0,00|0,00||
|C100|1|0|C23053356368|55|00|4|38688|23181214045341000198550040000386881502502367|31122018|31122018|3900,00|2|0,00|0,00|3900,00|1|0,00|0,00|0,00|0,00|0,00|0,00|0,00|0,00|25,37|117,00|||
|C110|351||
|C190|000|5929|0,00|3900,00|0,00|0,00|0,00|0,00|0,00|0,00||
|C100|1|0|C67009581304|55|00|4|38689|23181214045341000198550040000386891347231021|31122018|31122018|2020,00|2|92,47|0,00|2112,47|1|0,00|0,00|0,00|0,00|0,00|0,00|0,00|0,00|13,14|60,60|||
|C110|352||
|C190|000|5929|0,00|2020,00|0,00|0,00|0,00|0,00|0,00|0,00||
|C100|1|0|C76062490325|55|00|4|38690|23181214045341000198550040000386901021697380|31122018|31122018|150,00|2|0,00|0,00|150,00|1|0,00|0,00|0,00|0,00|0,00|0,00|0,00|0,00|0,98|4,50|||
|C110|353||
|C190|000|5929|0,00|150,00|0,00|0,00|0,00|0,00|0,00|0,00||
|C100|1|0|C34866329300|55|00|4|38691|23181214045341000198550040000386911986279284|31122018|31122018|4500,00|2|4,38|0,00|4504,38|1|0,00|0,00|0,00|0,00|0,00|0,00|0,00|0,00|29,25|135,00|||
|C110|354||
|C190|000|5929|0,00|4500,00|0,00|0,00|0,00|0,00|0,00|0,00||
|C100|1|0|C94946817387|55|00|4|38692|23181214045341000198550040000386921649411621|31122018|31122018|1920,00|2|110,00|0,00|2030,00|1|0,00|0,00|0,00|0,00|0,00|0,00|0,00|0,00|12,48|57,60|||
|C110|355||
|C190|000|5929|0,00|1920,00|0,00|0,00|0,00|0,00|0,00|0,00||
|C800|59|00|1048|03122018|400,00|||13221067704|230059380|23181214045341000198592300593800010484822562|3,56|403,56|0,00|0,00|0,00|0,00|
|C850|060|5403|0,00|400,00|0,00|0,00||
|C800|59|00|1049|03122018|2000,00|||10369501829|230059380|23181214045341000198592300593800010490262115|0,00|1700,00|300,00|0,00|0,00|0,00|
|C850|060|5403|0,00|2000,00|0,00|0,00||
|C800|59|00|1050|04122018|260,00|||08188580368|230059380|23181214045341000198592300593800010506140035|0,00|260,00|0,00|0,00|0,00|0,00|
|C850|060|5403|0,00|260,00|0,00|0,00||
|C800|59|00|1051|04122018|700,00|||50160524334|230059380|23181214045341000198592300593800010519948931|0,00|690,00|10,00|0,00|0,00|0,00|
|C850|060|5403|0,00|700,00|0,00|0,00||
|C800|59|00|1052|04122018|1060,00|||19129572304|230059380|23181214045341000198592300593800010521007375|0,00|1060,00|0,00|0,00|0,00|0,00|
|C850|060|5403|0,00|1060,00|0,00|0,00||
|C800|59|00|1053|04122018|2400,00|||19129572304|230059380|23181214045341000198592300593800010530183750|107,78|2507,78|0,00|0,00|0,00|0,00|
|C850|060|5403|0,00|2400,00|0,00|0,00||
|C800|59|00|1054|04122018|1990,00|||31388728320|230059380|23181214045341000198592300593800010547051746|62,20|2052,20|0,00|0,00|0,00|0,00|
|C850|060|5403|0,00|1990,00|0,00|0,00||
|C800|59|00|1055|04122018|2080,00|||38399954349|230059380|23181214045341000198592300593800010550586507|80,00|2160,00|0,00|0,00|0,00|0,00|
|C850|060|5403|0,00|2080,00|0,00|0,00||
|C800|59|00|1056|04122018|2000,00|||78437431387|230059380|23181214045341000198592300593800010567767437|12,97|2012,97|0,00|0,00|0,00|0,00|
|C850|060|5403|0,00|2000,00|0,00|0,00||
|C800|59|00|1057|04122018|950,00|||78437431387|230059380|23181214045341000198592300593800010572482828|2,92|952,92|0,00|0,00|0,00|0,00|
|C850|060|5403|0,00|950,00|0,00|0,00||
|C800|59|00|1058|04122018|1400,00|||63959020325|230059380|23181214045341000198592300593800010588803807|0,00|1021,84|378,16|0,00|0,00|0,00|
|C850|060|5403|0,00|1400,00|0,00|0,00||
|C800|59|00|1059|04122018|2180,00|||02705302310|230059380|23181214045341000198592300593800010591149535|9,25|2189,25|0,00|0,00|0,00|0,00|
|C850|060|5403|0,00|2180,00|0,00|0,00||
|C800|59|00|1060|04122018|400,00|||70030529700|230059380|23181214045341000198592300593800010602691993|0,00|400,00|0,00|0,00|0,00|0,00|
|C850|060|5403|0,00|400,00|0,00|0,00||
|C800|59|00|1061|04122018|300,00|||13206877415|230059380|23181214045341000198592300593800010610037954|13,02|313,02|0,00|0,00|0,00|0,00|
|C850|060|5403|0,00|300,00|0,00|0,00||
|C800|59|00|1062|04122018|2080,00|||31388728320|230059380|23181214045341000198592300593800010620545332|80,00|2160,00|0,00|0,00|0,00|0,00|
|C850|060|5403|0,00|2080,00|0,00|0,00||
|C800|59|00|1063|04122018|690,00|||00098485334|230059380|23181214045341000198592300593800010636166352|1,61|691,61|0,00|0,00|0,00|0,00|
|C850|060|5403|0,00|690,00|0,00|0,00||
|C800|59|00|1064|04122018|3000,00|||21374457353|230059380|23181214045341000198592300593800010641862159|193,48|3193,48|0,00|0,00|0,00|0,00|
|C850|060|5403|0,00|3000,00|0,00|0,00||
|C800|59|00|1065|04122018|1810,00|||46187375300|230059380|23181214045341000198592300593800010658872560|22,94|1832,94|0,00|0,00|0,00|0,00|
|C850|060|5403|0,00|1810,00|0,00|0,00||
|C800|59|00|1066|04122018|890,00|||16584597334|230059380|23181214045341000198592300593800010668860025|4,72|894,72|0,00|0,00|0,00|0,00|
|C850|060|5403|0,00|890,00|0,00|0,00||
|C800|59|00|1067|04122018|1000,00|||99997150368|230059380|23181214045341000198592300593800010679113560|60,00|1060,00|0,00|0,00|0,00|0,00|
|C850|060|5403|0,00|1000,00|0,00|0,00||
|C800|59|00|1068|04122018|850,00|||99997150368|230059380|23181214045341000198592300593800010686329646|0,00|850,00|0,00|0,00|0,00|0,00|
|C850|060|5403|0,00|850,00|0,00|0,00||
|C800|59|00|1069|04122018|1700,00|||42296935320|230059380|23181214045341000198592300593800010697933787|0,00|1700,00|0,00|0,00|0,00|0,00|
|C850|060|5403|0,00|1700,00|0,00|0,00||
|C800|59|00|1070|04122018|6400,00|||12585076415|230059380|23181214045341000198592300593800010700107714|24,26|6424,26|0,00|0,00|0,00|0,00|
|C850|060|5403|0,00|6400,00|0,00|0,00||
|C800|59|00|1071|04122018|1290,00|||05325138359|230059380|23181214045341000198592300593800010714020250|26,61|1316,61|0,00|0,00|0,00|0,00|
|C850|060|5403|0,00|1290,00|0,00|0,00||
|C800|59|00|1072|04122018|3290,00|||11750022320|230059380|23181214045341000198592300593800010729231928|109,17|3399,17|0,00|0,00|0,00|0,00|
|C850|060|5403|0,00|3290,00|0,00|0,00||
|C800|59|00|1073|04122018|3290,00|||35374848879|230059380|23181214045341000198592300593800010732795390|109,17|3399,17|0,00|0,00|0,00|0,00|
|C850|060|5403|0,00|3290,00|0,00|0,00||
|C800|59|00|1074|04122018|2000,00|||09051660359|230059380|23181214045341000198592300593800010749480478|63,43|2063,43|0,00|0,00|0,00|0,00|
|C850|060|5403|0,00|2000,00|0,00|0,00||
|C800|59|00|1075|04122018|260,00|||62361848368|230059380|23181214045341000198592300593800010758017300|4,18|264,18|0,00|0,00|0,00|0,00|
|C850|060|5403|0,00|260,00|0,00|0,00||
|C800|59|00|1076|05122018|5000,00|||32133383387|230059380|23181214045341000198592300593800010766106104|59,13|5059,13|0,00|0,00|0,00|0,00|
|C850|060|5403|0,00|5000,00|0,00|0,00||
|C800|59|00|1077|05122018|1000,00|||43048064320|230059380|23181214045341000198592300593800010777326526|73,31|1073,31|0,00|0,00|0,00|0,00|
|C850|060|5403|0,00|1000,00|0,00|0,00||
|C800|59|00|1078|05122018|1215,00|||79727433391|230059380|23181214045341000198592300593800010781892719|85,00|1300,00|0,00|0,00|0,00|0,00|
|C850|060|5403|0,00|1215,00|0,00|0,00||
|C800|59|00|1079|05122018|1050,00|||08985553453|230059380|23181214045341000198592300593800010793221407|10,00|1060,00|0,00|0,00|0,00|0,00|
|C850|060|5403|0,00|1050,00|0,00|0,00||
|C800|59|00|1080|05122018|2000,00|||63008875378|230059380|23181214045341000198592300593800010800576457|12,97|2012,97|0,00|0,00|0,00|0,00|
|C850|060|5403|0,00|2000,00|0,00|0,00||
|C800|59|00|1081|05122018|319,00|||18896758300|230059380|23181214045341000198592300593800010814744837|11,00|330,00|0,00|0,00|0,00|0,00|
|C850|060|5403|0,00|319,00|0,00|0,00||
|C800|59|00|1082|05122018|6400,00|||92853013391|230059380|23181214045341000198592300593800010827646820|120,00|6520,00|0,00|0,00|0,00|0,00|
|C850|060|5403|0,00|6400,00|0,00|0,00||
|C800|59|00|1083|05122018|398,28|||02011238358|230059380|23181214045341000198592300593800010833713968|14,91|413,19|0,00|0,00|0,00|0,00|
|C850|060|5403|0,00|398,28|0,00|0,00||
|C800|59|00|1084|05122018|528,00|||50743449304|230059380|23181214045341000198592300593800010849770877|24,17|552,17|0,00|0,00|0,00|0,00|
|C850|060|5403|0,00|528,00|0,00|0,00||
|C800|59|00|1085|05122018|1270,00|||81997884372|230059380|23181214045341000198592300593800010853149685|34,29|1304,29|0,00|0,00|0,00|0,00|
|C850|060|5403|0,00|1270,00|0,00|0,00||
|C800|59|00|1086|05122018|279,00|||54553920344|230059380|23181214045341000198592300593800010860822977|0,00|279,00|0,00|0,00|0,00|0,00|
|C850|060|5403|0,00|279,00|0,00|0,00||
|C800|59|00|1087|06122018|1950,00|||99952661304|230059380|23181214045341000198592300593800010870734523|0,00|1900,00|50,00|0,00|0,00|0,00|
|C850|060|5403|0,00|1950,00|0,00|0,00||
|C800|59|00|1088|06122018|700,00|||22192913320|230059380|23181214045341000198592300593800010883661708|50,00|750,00|0,00|0,00|0,00|0,00|
|C850|060|5403|0,00|700,00|0,00|0,00||
|C800|59|00|1089|06122018|800,00|||60564353345|230059380|23181214045341000198592300593800010896659243|17,01|817,01|0,00|0,00|0,00|0,00|
|C850|060|5403|0,00|800,00|0,00|0,00||
|C800|59|00|1090|06122018|600,00|||08196044372|230059380|23181214045341000198592300593800010906119025|3,05|603,05|0,00|0,00|0,00|0,00|
|C850|060|5403|0,00|600,00|0,00|0,00||
|C800|59|00|1091|06122018|4599,00|||09833480306|230059380|23181214045341000198592300593800010913959190|0,31|4599,31|0,00|0,00|0,00|0,00|
|C850|060|5403|0,00|4599,00|0,00|0,00||
|C800|59|00|1092|06122018|765,00|||24550868368|230059380|23181214045341000198592300593800010924325359|1,33|766,33|0,00|0,00|0,00|0,00|
|C850|060|5403|0,00|765,00|0,00|0,00||
|C800|59|00|1093|06122018|1424,00|||21027706304|230059380|23181214045341000198592300593800010934323065|21,87|1445,87|0,00|0,00|0,00|0,00|
|C850|060|5403|0,00|1424,00|0,00|0,00||
|C800|59|00|1094|06122018|3500,00|||04201112390|230059380|23181214045341000198592300593800010945560802|174,70|3674,70|0,00|0,00|0,00|0,00|
|C850|060|5403|0,00|3500,00|0,00|0,00||
|C800|59|00|1095|06122018|1000,00|||41723384372|230059380|23181214045341000198592300593800010951627948|26,92|1026,92|0,00|0,00|0,00|0,00|
|C850|060|5403|0,00|1000,00|0,00|0,00||
|C800|59|00|1096|06122018|800,00|||88660850815|230059380|23181214045341000198592300593800010962082867|50,00|850,00|0,00|0,00|0,00|0,00|
|C850|060|5403|0,00|800,00|0,00|0,00||
|C800|59|00|1097|06122018|850,00|||23335866304|230059380|23181214045341000198592300593800010972154356|0,00|850,00|0,00|0,00|0,00|0,00|
|C850|060|5403|0,00|850,00|0,00|0,00||
|C800|59|00|1098|06122018|550,00|||09070532700|230059380|23181214045341000198592300593800010987062320|82,63|632,63|0,00|0,00|0,00|0,00|
|C850|060|5403|0,00|550,00|0,00|0,00||
|C800|59|00|1099|07122018|700,00|||38022605387|230059380|23181214045341000198592300593800010990938231|50,00|750,00|0,00|0,00|0,00|0,00|
|C850|060|5403|0,00|700,00|0,00|0,00||
|C800|59|00|1100|07122018|300,00|||38022605387|230059380|23181214045341000198592300593800011008762016|8,13|308,13|0,00|0,00|0,00|0,00|
|C850|060|5403|0,00|300,00|0,00|0,00||
|C800|59|00|1101|07122018|550,00|||06474970340|230059380|23181214045341000198592300593800011014058058|82,63|632,63|0,00|0,00|0,00|0,00|
|C850|060|5403|0,00|550,00|0,00|0,00||
|C800|59|00|1102|07122018|4100,00|||09003975353|230059380|23181214045341000198592300593800011022241028|0,00|3970,00|130,00|0,00|0,00|0,00|
|C850|060|5403|0,00|4100,00|0,00|0,00||
|C800|59|00|1103|07122018|1090,00|||16639804387|230059380|23181214045341000198592300593800011039251420|6,64|1096,64|0,00|0,00|0,00|0,00|
|C850|060|5403|0,00|1090,00|0,00|0,00||
|C800|59|00|1104|07122018|950,00|||91325404349|230059380|23181214045341000198592300593800011042238723|2,92|952,92|0,00|0,00|0,00|0,00|
|C850|060|5403|0,00|950,00|0,00|0,00||
|C800|59|00|1105|07122018|900,00|||17287073315|230059380|23181214045341000198592300593800011059830280|0,76|900,76|0,00|0,00|0,00|0,00|
|C850|060|5403|0,00|900,00|0,00|0,00||
|C800|59|00|1106|10122018|1790,00|||00727151380|230059380|23181214045341000198592300593800011068976268|41,68|1831,68|0,00|0,00|0,00|0,00|
|C850|060|5403|0,00|1790,00|0,00|0,00||
|C800|59|00|1107|10122018|600,00|||22961356334|230059380|23181214045341000198592300593800011079977198|50,00|650,00|0,00|0,00|0,00|0,00|
|C850|060|5403|0,00|600,00|0,00|0,00||
|C800|59|00|1108|10122018|700,00|||96522321300|230059380|23181214045341000198592300593800011082466948|28,01|728,01|0,00|0,00|0,00|0,00|
|C850|060|5403|0,00|700,00|0,00|0,00||
|C800|59|00|1109|10122018|900,00|||23450398334|230059380|23181214045341000198592300593800011092535136|0,76|900,76|0,00|0,00|0,00|0,00|
|C850|060|5403|0,00|900,00|0,00|0,00||
|C800|59|00|1110|10122018|1500,00|||20955430330|230059380|23181214045341000198592300593800011101325801|106,92|1606,92|0,00|0,00|0,00|0,00|
|C850|060|5403|0,00|1500,00|0,00|0,00||
|C800|59|00|1111|10122018|1000,00|||00170134377|230059380|23181214045341000198592300593800011119944643|41,80|1041,80|0,00|0,00|0,00|0,00|
|C850|060|5403|0,00|1000,00|0,00|0,00||
|C800|59|00|1112|10122018|1200,00|||00170134377|230059380|23181214045341000198592300593800011127553976|0,00|710,00|490,00|0,00|0,00|0,00|
|C850|060|5403|0,00|1200,00|0,00|0,00||
|C800|59|00|1113|10122018|1000,00|||63186381304|230059380|23181214045341000198592300593800011132635683|60,00|1060,00|0,00|0,00|0,00|0,00|
|C850|060|5403|0,00|1000,00|0,00|0,00||
|C800|59|00|1114|10122018|1300,00|||43048064320|230059380|23181214045341000198592300593800011149128470|50,00|1350,00|0,00|0,00|0,00|0,00|
|C850|060|5403|0,00|1300,00|0,00|0,00||
|C800|59|00|1115|10122018|1120,00|||21029890382|230059380|23181214045341000198592300593800011158963440|49,73|1169,73|0,00|0,00|0,00|0,00|
|C850|060|5403|0,00|1120,00|0,00|0,00||
|C800|59|00|1116|10122018|2050,00|||03600780360|230059380|23181214045341000198592300593800011162307919|43,39|2093,39|0,00|0,00|0,00|0,00|
|C850|060|5403|0,00|2050,00|0,00|0,00||
|C800|59|00|1117|10122018|1360,00|||30084113634|230059380|23181214045341000198592300593800011176920120|0,00|1330,00|30,00|0,00|0,00|0,00|
|C850|060|5403|0,00|1360,00|0,00|0,00||
|C800|59|00|1118|10122018|1600,00|||04372870337|230059380|23181214045341000198592300593800011180334086|42,34|1642,34|0,00|0,00|0,00|0,00|
|C850|060|5403|0,00|1600,00|0,00|0,00||
|C800|59|00|1119|10122018|3500,00|||03605535321|230059380|23181214045341000198592300593800011198984686|0,00|3138,02|361,98|0,00|0,00|0,00|
|C850|060|5403|0,00|3500,00|0,00|0,00||
|C800|59|00|1120|10122018|1700,00|||10461612372|230059380|23181214045341000198592300593800011209651343|147,64|1847,64|0,00|0,00|0,00|0,00|
|C850|060|5403|0,00|1700,00|0,00|0,00||
|C800|59|00|1121|10122018|3030,00|||16199111320|230059380|23181214045341000198592300593800011215859465|244,15|3274,15|0,00|0,00|0,00|0,00|
|C850|060|5403|0,00|3030,00|0,00|0,00||
|C800|59|00|1122|10122018|5225,00|||80594743320|230059380|23181214045341000198592300593800011223051480|35,00|5260,00|0,00|0,00|0,00|0,00|
|C850|060|5403|0,00|5225,00|0,00|0,00||
|C800|59|00|1123|10122018|1100,00|||02077543906|230059380|23181214045341000198592300593800011233569090|100,00|1200,00|0,00|0,00|0,00|0,00|
|C850|060|5403|0,00|1100,00|0,00|0,00||
|C800|59|00|1124|11122018|1000,00|||10461612372|230059380|23181214045341000198592300593800011240689543|0,00|880,00|120,00|0,00|0,00|0,00|
|C850|060|5403|0,00|1000,00|0,00|0,00||
|C800|59|00|1125|11122018|2500,00|||87356287315|230059380|23181214045341000198592300593800011256462063|0,80|2500,80|0,00|0,00|0,00|0,00|
|C850|060|5403|0,00|2500,00|0,00|0,00||
|C800|59|00|1126|11122018|700,00|||32133383387|230059380|23181214045341000198592300593800011267628022|150,00|850,00|0,00|0,00|0,00|0,00|
|C850|060|5403|0,00|700,00|0,00|0,00||
|C800|59|00|1127|11122018|900,00|||23232951368|230059380|23181214045341000198592300593800011275502695|5,27|905,27|0,00|0,00|0,00|0,00|
|C850|060|5403|0,00|900,00|0,00|0,00||
|C800|59|00|1128|11122018|450,00|||00399821309|230059380|23181214045341000198592300593800011287412831|21,43|471,43|0,00|0,00|0,00|0,00|
|C850|060|5403|0,00|450,00|0,00|0,00||
|C800|59|00|1129|11122018|300,00|||83505954500|230059380|23181214045341000198592300593800011298735556|7,92|307,92|0,00|0,00|0,00|0,00|
|C850|060|5403|0,00|300,00|0,00|0,00||
|C800|59|00|1130|11122018|2990,00|||76987868387|230059380|23181214045341000198592300593800011300959630|0,00|2855,50|134,50|0,00|0,00|0,00|
|C850|060|5403|0,00|2990,00|0,00|0,00||
|C800|59|00|1131|11122018|700,00|||42407800559|230059380|23181214045341000198592300593800011313143804|0,00|690,00|10,00|0,00|0,00|0,00|
|C850|060|5403|0,00|700,00|0,00|0,00||
|C800|59|00|1132|11122018|890,00|||36048208391|230059380|23181214045341000198592300593800011321451903|0,00|890,00|0,00|0,00|0,00|0,00|
|C850|060|5403|0,00|890,00|0,00|0,00||
|C800|59|00|1133|11122018|3375,00|||11657685349|230059380|23181214045341000198592300593800011332498515|148,28|3523,28|0,00|0,00|0,00|0,00|
|C850|060|5403|0,00|3375,00|0,00|0,00||
|C800|59|00|1134|11122018|900,00|||67092918391|230059380|23181214045341000198592300593800011343359643|5,27|905,27|0,00|0,00|0,00|0,00|
|C850|060|5403|0,00|900,00|0,00|0,00||
|C800|59|00|1135|11122018|3500,00|||36757098334|230059380|23181214045341000198592300593800011358339015|88,25|3588,25|0,00|0,00|0,00|0,00|
|C850|060|5403|0,00|3500,00|0,00|0,00||
|C800|59|00|1136|11122018|1000,00|||03624449354|230059380|23181214045341000198592300593800011368999891|0,00|800,00|200,00|0,00|0,00|0,00|
|C850|060|5403|0,00|1000,00|0,00|0,00||
|C800|59|00|1137|11122018|450,00|||11720166315|230059380|23181214045341000198592300593800011370885130|7,83|457,83|0,00|0,00|0,00|0,00|
|C850|060|5403|0,00|450,00|0,00|0,00||
|C800|59|00|1138|11122018|350,00|||89335910449|230059380|23181214045341000198592300593800011386087572|7,21|357,21|0,00|0,00|0,00|0,00|
|C850|060|5403|0,00|350,00|0,00|0,00||
|C800|59|00|1139|11122018|1060,00|||21388768372|230059380|23181214045341000198592300593800011397609702|0,00|1060,00|0,00|0,00|0,00|0,00|
|C850|060|5403|0,00|1060,00|0,00|0,00||
|C800|59|00|1140|11122018|800,00|||26095440300|230059380|23181214045341000198592300593800011404957677|17,01|817,01|0,00|0,00|0,00|0,00|
|C850|060|5403|0,00|800,00|0,00|0,00||
|C800|59|00|1141|12122018|2240,00|||29135111801|230059380|23181214045341000198592300593800011413143288|0,00|2240,00|0,00|0,00|0,00|0,00|
|C850|060|5403|0,00|2240,00|0,00|0,00||
|C800|59|00|1142|12122018|1450,00|||63457270325|230059380|23181214045341000198592300593800011420661060|1,33|1451,33|0,00|0,00|0,00|0,00|
|C850|060|5403|0,00|1450,00|0,00|0,00||
|C800|59|00|1143|12122018|790,00|||36227161349|230059380|23181214045341000198592300593800011432321072|0,00|660,00|130,00|0,00|0,00|0,00|
|C850|060|5403|0,00|790,00|0,00|0,00||
|C800|59|00|1144|12122018|2460,00|||64620689300|230059380|23181214045341000198592300593800011444721194|170,51|2630,51|0,00|0,00|0,00|0,00|
|C850|060|5403|0,00|2460,00|0,00|0,00||
|C800|59|00|1145|12122018|1000,00|||03624449354|230059380|23181214045341000198592300593800011452372071|0,00|800,00|200,00|0,00|0,00|0,00|
|C850|060|5403|0,00|1000,00|0,00|0,00||
|C800|59|00|1146|13122018|800,00|||01336193387|230059380|23181214045341000198592300593800011469882140|50,00|850,00|0,00|0,00|0,00|0,00|
|C850|060|5403|0,00|800,00|0,00|0,00||
|C800|59|00|1147|13122018|700,00|||16150929353|230059380|23181214045341000198592300593800011473387060|0,00|690,00|10,00|0,00|0,00|0,00|
|C850|060|5403|0,00|700,00|0,00|0,00||
|C800|59|00|1148|13122018|1600,00|||46924434304|230059380|23181214045341000198592300593800011483052184|37,16|1637,16|0,00|0,00|0,00|0,00|
|C850|060|5403|0,00|1600,00|0,00|0,00||
|C800|59|00|1149|13122018|450,00|||97572675387|230059380|23181214045341000198592300593800011490224890|0,00|430,00|20,00|0,00|0,00|0,00|
|C850|060|5403|0,00|450,00|0,00|0,00||
|C800|59|00|1150|13122018|450,00|||05129001320|230059380|23181214045341000198592300593800011503361390|15,64|465,64|0,00|0,00|0,00|0,00|
|C850|060|5403|0,00|450,00|0,00|0,00||
|C800|59|00|1151|13122018|2000,00|||01322353310|230059380|23181214045341000198592300593800011518081282|90,00|2090,00|0,00|0,00|0,00|0,00|
|C850|060|5403|0,00|2000,00|0,00|0,00||
|C800|59|00|1152|13122018|1470,00|||09848851372|230059380|23181214045341000198592300593800011528804325|0,00|1320,00|150,00|0,00|0,00|0,00|
|C850|060|5403|0,00|1470,00|0,00|0,00||
|C800|59|00|1153|13122018|3000,00|||62568353368|230059380|23181214045341000198592300593800011538366142|123,98|3123,98|0,00|0,00|0,00|0,00|
|C850|060|5403|0,00|3000,00|0,00|0,00||
|C800|59|00|1154|13122018|253,00|||22192913320|230059380|23181214045341000198592300593800011549462911|11,18|264,18|0,00|0,00|0,00|0,00|
|C850|060|5403|0,00|253,00|0,00|0,00||
|C800|59|00|1155|13122018|2572,00|||23232951368|230059380|23181214045341000198592300593800011559798475|27,49|2599,49|0,00|0,00|0,00|0,00|
|C850|060|5403|0,00|2572,00|0,00|0,00||
|C800|59|00|1156|13122018|2000,00|||24473740382|230059380|23181214045341000198592300593800011568314981|75,84|2075,84|0,00|0,00|0,00|0,00|
|C850|060|5403|0,00|2000,00|0,00|0,00||
|C800|59|00|1157|13122018|4168,00|||29688132349|230059380|23181214045341000198592300593800011573262587|34,12|4202,12|0,00|0,00|0,00|0,00|
|C850|060|5403|0,00|4168,00|0,00|0,00||
|C800|59|00|1158|13122018|1000,00|||48601683304|230059380|23181214045341000198592300593800011580346405|0,00|950,00|50,00|0,00|0,00|0,00|
|C850|060|5403|0,00|1000,00|0,00|0,00||
|C800|59|00|1159|14122018|9839,99|||06134685380|230059380|23181214045341000198592300593800011595214887|395,80|10235,79|0,00|0,00|0,00|0,00|
|C850|060|5403|0,00|9839,99|0,00|0,00||
|C800|59|00|1160|14122018|1700,00|||02283357365|230059380|23181214045341000198592300593800011608538036|0,00|1700,00|0,00|0,00|0,00|0,00|
|C850|060|5403|0,00|1700,00|0,00|0,00||
|C800|59|00|1161|14122018|1547,00|||00968956408|230059380|23181214045341000198592300593800011615741585|53,00|1600,00|0,00|0,00|0,00|0,00|
|C850|060|5403|0,00|1547,00|0,00|0,00||
|C800|59|00|1162|14122018|860,01|||06134685380|230059380|23181214045341000198592300593800011624492320|0,00|860,01|0,00|0,00|0,00|0,00|
|C850|060|5403|0,00|860,01|0,00|0,00||
|C800|59|00|1163|14122018|1650,00|||49203312315|230059380|23181214045341000198592300593800011638188653|2,20|1652,20|0,00|0,00|0,00|0,00|
|C850|060|5403|0,00|1650,00|0,00|0,00||
|C800|59|00|1164|14122018|510,00|||24632775304|230059380|23181214045341000198592300593800011649369441|0,00|510,00|0,00|0,00|0,00|0,00|
|C850|060|5403|0,00|510,00|0,00|0,00||
|C800|59|00|1165|14122018|4990,00|||24212598353|230059380|23181214045341000198592300593800011658849531|64,05|5054,05|0,00|0,00|0,00|0,00|
|C850|060|5403|0,00|4990,00|0,00|0,00||
|C800|59|00|1166|14122018|820,00|||11291354387|230059380|23181214045341000198592300593800011664732330|14,04|834,04|0,00|0,00|0,00|0,00|
|C850|060|5403|0,00|820,00|0,00|0,00||
|C800|59|00|1167|14122018|190,00|||43357652315|230059380|23181214045341000198592300593800011675278342|0,90|190,90|0,00|0,00|0,00|0,00|
|C850|060|5403|0,00|190,00|0,00|0,00||
|C800|59|00|1168|14122018|400,00|||40420892320|230059380|23181214045341000198592300593800011682972046|0,00|400,00|0,00|0,00|0,00|0,00|
|C850|060|5403|0,00|400,00|0,00|0,00||
|C800|59|00|1169|14122018|470,00|||00093246315|230059380|23181214045341000198592300593800011690999497|0,00|470,00|0,00|0,00|0,00|0,00|
|C850|060|5403|0,00|470,00|0,00|0,00||
|C800|59|00|1170|14122018|2000,00|||36798487300|230059380|23181214045341000198592300593800011700888927|53,16|2053,16|0,00|0,00|0,00|0,00|
|C850|060|5403|0,00|2000,00|0,00|0,00||
|C800|59|00|1171|14122018|600,00|||49570668334|230059380|23181214045341000198592300593800011714879887|11,82|611,82|0,00|0,00|0,00|0,00|
|C850|060|5403|0,00|600,00|0,00|0,00||
|C800|59|00|1172|14122018|650,00|||25930460310|230059380|23181214045341000198592300593800011722217626|70,63|720,63|0,00|0,00|0,00|0,00|
|C850|060|5403|0,00|650,00|0,00|0,00||
|C800|59|00|1173|14122018|3000,00|||51289393320|230059380|23181214045341000198592300593800011733518053|71,20|3071,20|0,00|0,00|0,00|0,00|
|C850|060|5403|0,00|3000,00|0,00|0,00||
|C800|59|00|1174|17122018|5090,00|||44058705353|230059380|23181214045341000198592300593800011741952514|110,83|5200,83|0,00|0,00|0,00|0,00|
|C850|060|5403|0,00|5090,00|0,00|0,00||
|C800|59|00|1175|17122018|5950,00|||84246987387|230059380|23181214045341000198592300593800011755832915|263,84|6213,84|0,00|0,00|0,00|0,00|
|C850|060|5403|0,00|5950,00|0,00|0,00||
|C800|59|00|1176|17122018|1000,00||||230059380|23181214045341000198592300593800011762573407|0,00|998,07|1,93|0,00|0,00|0,00|
|C850|060|5403|0,00|1000,00|0,00|0,00||
|C800|59|00|1177|17122018|1090,00|||61787868320|230059380|23181214045341000198592300593800011773130641|6,64|1096,64|0,00|0,00|0,00|0,00|
|C850|060|5403|0,00|1090,00|0,00|0,00||
|C800|59|00|1178|17122018|1416,00|||53436490849|230059380|23181214045341000198592300593800011781807604|24,00|1440,00|0,00|0,00|0,00|0,00|
|C850|060|5403|0,00|1416,00|0,00|0,00||
|C800|59|00|1179|17122018|500,00|||78485070330|230059380|23181214045341000198592300593800011799418480|21,35|521,35|0,00|0,00|0,00|0,00|
|C850|060|5403|0,00|500,00|0,00|0,00||
|C800|59|00|1180|17122018|850,00|||44731132304|230059380|23181214045341000198592300593800011804640409|50,30|900,30|0,00|0,00|0,00|0,00|
|C850|060|5403|0,00|850,00|0,00|0,00||
|C800|59|00|1181|17122018|4400,00|||23188375387|230059380|23181214045341000198592300593800011810796490|95,84|4495,84|0,00|0,00|0,00|0,00|
|C850|060|5403|0,00|4400,00|0,00|0,00||
|C800|59|00|1182|17122018|3500,00|||38068583300|230059380|23181214045341000198592300593800011825298130|0,62|3500,62|0,00|0,00|0,00|0,00|
|C850|060|5403|0,00|3500,00|0,00|0,00||
|C800|59|00|1183|17122018|500,00|||62944827391|230059380|23181214045341000198592300593800011838747583|0,00|380,00|120,00|0,00|0,00|0,00|
|C850|060|5403|0,00|500,00|0,00|0,00||
|C800|59|00|1184|17122018|2375,00|||46089322334|230059380|23181214045341000198592300593800011843919621|147,15|2522,15|0,00|0,00|0,00|0,00|
|C850|060|5403|0,00|2375,00|0,00|0,00||
|C800|59|00|1185|17122018|860,00|||22068716372|230059380|23181214045341000198592300593800011854476874|0,00|850,00|10,00|0,00|0,00|0,00|
|C850|060|5403|0,00|860,00|0,00|0,00||
|C800|59|00|1186|17122018|1105,00|||23376589372|230059380|23181214045341000198592300593800011863804463|49,35|1154,35|0,00|0,00|0,00|0,00|
|C850|060|5403|0,00|1105,00|0,00|0,00||
|C800|59|00|1187|17122018|1515,00|||00098485334|230059380|23181214045341000198592300593800011873244924|0,00|1475,23|39,77|0,00|0,00|0,00|
|C850|060|5403|0,00|1515,00|0,00|0,00||
|C800|59|00|1188|17122018|2500,00|||05132340393|230059380|23181214045341000198592300593800011883266530|282,45|2782,45|0,00|0,00|0,00|0,00|
|C850|060|5403|0,00|2500,00|0,00|0,00||
|C800|59|00|1189|17122018|1880,00|||16344952334|230059380|23181214045341000198592300593800011898224382|23,91|1903,91|0,00|0,00|0,00|0,00|
|C850|060|5403|0,00|1880,00|0,00|0,00||
|C800|59|00|1190|17122018|1000,00|||62519298391|230059380|23181214045341000198592300593800011908253940|0,00|998,07|1,93|0,00|0,00|0,00|
|C850|060|5403|0,00|1000,00|0,00|0,00||
|C800|59|00|1191|17122018|430,00|||04613278309|230059380|23181214045341000198592300593800011910436941|1,45|431,45|0,00|0,00|0,00|0,00|
|C850|060|5403|0,00|430,00|0,00|0,00||
|C800|59|00|1192|18122018|7000,00|||20496117300|230059380|23181214045341000198592300593800011925167070|97,52|7097,52|0,00|0,00|0,00|0,00|
|C850|060|5403|0,00|7000,00|0,00|0,00||
|C800|59|00|1193|18122018|200,00|||31638685843|230059380|23181214045341000198592300593800011931355878|8,33|208,33|0,00|0,00|0,00|0,00|
|C850|060|5403|0,00|200,00|0,00|0,00||
|C800|59|00|1194|18122018|1482,00|||21092648372|230059380|23181214045341000198592300593800011940515815|78,00|1560,00|0,00|0,00|0,00|0,00|
|C850|060|5403|0,00|1482,00|0,00|0,00||
|C800|59|00|1195|18122018|3300,00|||79622720315|230059380|23181214045341000198592300593800011957536020|10,00|3310,00|0,00|0,00|0,00|0,00|
|C850|060|5403|0,00|3300,00|0,00|0,00||
|C800|59|00|1196|18122018|260,00|||20436831368|230059380|23181214045341000198592300593800011968561013|8,38|268,38|0,00|0,00|0,00|0,00|
|C850|060|5403|0,00|260,00|0,00|0,00||
|C800|59|00|1197|18122018|900,00|||03167060352|230059380|23181214045341000198592300593800011978876092|0,76|900,76|0,00|0,00|0,00|0,00|
|C850|060|5403|0,00|900,00|0,00|0,00||
|C800|59|00|1198|18122018|5100,00|||10279237391|230059380|23181214045341000198592300593800011982135697|255,91|5355,91|0,00|0,00|0,00|0,00|
|C850|060|5403|0,00|5100,00|0,00|0,00||
|C800|59|00|1199|18122018|2600,00|||70190003391|230059380|23181214045341000198592300593800011990052584|49,99|2649,99|0,00|0,00|0,00|0,00|
|C850|060|5403|0,00|2600,00|0,00|0,00||
|C800|59|00|1200|18122018|1000,00|||05259126300|230059380|23181214045341000198592300593800012003125105|50,00|1050,00|0,00|0,00|0,00|0,00|
|C850|060|5403|0,00|1000,00|0,00|0,00||
|C800|59|00|1201|18122018|890,00|||77969120300|230059380|23181214045341000198592300593800012015261947|0,00|890,00|0,00|0,00|0,00|0,00|
|C850|060|5403|0,00|890,00|0,00|0,00||
|C800|59|00|1202|18122018|1450,00|||01819739449|230059380|23181214045341000198592300593800012025451943|25,23|1475,23|0,00|0,00|0,00|0,00|
|C850|060|5403|0,00|1450,00|0,00|0,00||
|C800|59|00|1203|18122018|2715,00|||41607325349|230059380|23181214045341000198592300593800012038532637|3,86|2718,86|0,00|0,00|0,00|0,00|
|C850|060|5403|0,00|2715,00|0,00|0,00||
|C800|59|00|1204|18122018|480,00|||02737337453|230059380|23181214045341000198592300593800012043826031|0,00|480,00|0,00|0,00|0,00|0,00|
|C850|060|5403|0,00|480,00|0,00|0,00||
|C800|59|00|1205|18122018|1100,00|||00749590343|230059380|23181214045341000198592300593800012058954693|31,46|1131,46|0,00|0,00|0,00|0,00|
|C850|060|5403|0,00|1100,00|0,00|0,00||
|C800|59|00|1206|18122018|2370,00|||05719390316|230059380|23181214045341000198592300593800012063437022|0,00|2370,00|0,00|0,00|0,00|0,00|
|C850|060|5403|0,00|2370,00|0,00|0,00||
|C800|59|00|1207|18122018|800,00|||69207402300|230059380|23181214045341000198592300593800012074911278|50,00|850,00|0,00|0,00|0,00|0,00|
|C850|060|5403|0,00|800,00|0,00|0,00||
|C800|59|00|1208|18122018|1290,00|||40125238720|230059380|23181214045341000198592300593800012080133192|0,00|1190,00|100,00|0,00|0,00|0,00|
|C850|060|5403|0,00|1290,00|0,00|0,00||
|C800|59|00|1209|18122018|1200,00|||55649645353|230059380|23181214045341000198592300593800012096493800|15,97|1215,97|0,00|0,00|0,00|0,00|
|C850|060|5403|0,00|1200,00|0,00|0,00||
|C800|59|00|1210|18122018|1000,00|||35408359700|230059380|23181214045341000198592300593800012101727096|41,80|1041,80|0,00|0,00|0,00|0,00|
|C850|060|5403|0,00|1000,00|0,00|0,00||
|C800|59|00|1211|18122018|3520,00|||20337515387|230059380|23181214045341000198592300593800012117108013|5,91|3525,91|0,00|0,00|0,00|0,00|
|C850|060|5403|0,00|3520,00|0,00|0,00||
|C800|59|00|1212|18122018|4150,00|||85361399353|230059380|23181214045341000198592300593800012129475369|0,00|4125,91|24,09|0,00|0,00|0,00|
|C850|060|5403|0,00|4150,00|0,00|0,00||
|C800|59|00|1213|18122018|700,00|||04841409300|230059380|23181214045341000198592300593800012135856450|22,90|722,90|0,00|0,00|0,00|0,00|
|C850|060|5403|0,00|700,00|0,00|0,00||
|C800|59|00|1214|18122018|1800,00|||76316017391|230059380|23181214045341000198592300593800012140403522|100,00|1900,00|0,00|0,00|0,00|0,00|
|C850|060|5403|0,00|1800,00|0,00|0,00||
|C800|59|00|1215|18122018|590,00|||05956560304|230059380|23181214045341000198592300593800012159408090|0,00|470,00|120,00|0,00|0,00|0,00|
|C850|060|5403|0,00|590,00|0,00|0,00||
|C800|59|00|1216|18122018|5000,00|||61544256353|230059380|23181214045341000198592300593800012163339952|0,00|4340,00|660,00|0,00|0,00|0,00|
|C850|060|5403|0,00|5000,00|0,00|0,00||
|C800|59|00|1217|18122018|3350,00|||00399821309|230059380|23181214045341000198592300593800012173131459|8,45|3358,45|0,00|0,00|0,00|0,00|
|C850|060|5403|0,00|3350,00|0,00|0,00||
|C800|59|00|1218|18122018|800,00|||30984157387|230059380|23181214045341000198592300593800012188680690|50,00|850,00|0,00|0,00|0,00|0,00|
|C850|060|5403|0,00|800,00|0,00|0,00||
|C800|59|00|1219|18122018|800,00|||42294991320|230059380|23181214045341000198592300593800012192389563|34,04|834,04|0,00|0,00|0,00|0,00|
|C850|060|5403|0,00|800,00|0,00|0,00||
|C800|59|00|1220|19122018|350,00|||64782310382|230059380|23181214045341000198592300593800012200889124|0,00|350,00|0,00|0,00|0,00|0,00|
|C850|060|5403|0,00|350,00|0,00|0,00||
|C800|59|00|1221|19122018|390,00|||80813747368|230059380|23181214045341000198592300593800012214078085|0,00|330,00|60,00|0,00|0,00|0,00|
|C850|060|5403|0,00|390,00|0,00|0,00||
|C800|59|00|1222|19122018|825,00|||80813747368|230059380|23181214045341000198592300593800012228732211|23,52|848,52|0,00|0,00|0,00|0,00|
|C850|060|5403|0,00|825,00|0,00|0,00||
|C800|59|00|1223|19122018|870,00|||62944827391|230059380|23181214045341000198592300593800012232177014|3,36|873,36|0,00|0,00|0,00|0,00|
|C850|060|5403|0,00|870,00|0,00|0,00||
|C800|59|00|1224|19122018|5570,00|||00888486049|230059380|23181214045341000198592300593800012242684393|0,00|5360,00|210,00|0,00|0,00|0,00|
|C850|060|5403|0,00|5570,00|0,00|0,00||
|C800|59|00|1225|19122018|1400,00|||04520920353|230059380|23181214045341000198592300593800012254786820|40,00|1440,00|0,00|0,00|0,00|0,00|
|C850|060|5403|0,00|1400,00|0,00|0,00||
|C800|59|00|1226|19122018|1300,00|||78605571420|230059380|23181214045341000198592300593800012264940333|23,92|1323,92|0,00|0,00|0,00|0,00|
|C850|060|5403|0,00|1300,00|0,00|0,00||
|C800|59|00|1227|19122018|347,00|||54553920344|230059380|23181214045341000198592300593800012270997236|0,00|347,00|0,00|0,00|0,00|0,00|
|C850|060|5403|0,00|347,00|0,00|0,00||
|C800|59|00|1228|19122018|3000,00|||65637836353|230059380|23181214045341000198592300593800012283994770|29,25|3029,25|0,00|0,00|0,00|0,00|
|C850|060|5403|0,00|3000,00|0,00|0,00||
|C800|59|00|1229|19122018|1890,00|||51844044815|230059380|23181214045341000198592300593800012292386183|0,00|1770,00|120,00|0,00|0,00|0,00|
|C850|060|5403|0,00|1890,00|0,00|0,00||
|C800|59|00|1230|19122018|800,00|||16744020315|230059380|23181214045341000198592300593800012308321153|34,04|834,04|0,00|0,00|0,00|0,00|
|C850|060|5403|0,00|800,00|0,00|0,00||
|C800|59|00|1231|19122018|950,00|||08121699304|230059380|23181214045341000198592300593800012318808217|2,92|952,92|0,00|0,00|0,00|0,00|
|C850|060|5403|0,00|950,00|0,00|0,00||
|C800|59|00|1232|19122018|1700,00|||03080911326|230059380|23181214045341000198592300593800012328798770|198,88|1898,88|0,00|0,00|0,00|0,00|
|C850|060|5403|0,00|1700,00|0,00|0,00||
|C800|59|00|1233|19122018|190,00|||01561421391|230059380|23181214045341000198592300593800012336004612|7,92|197,92|0,00|0,00|0,00|0,00|
|C850|060|5403|0,00|190,00|0,00|0,00||
|C800|59|00|1234|19122018|2600,00|||47329475300|230059380|23181214045341000198592300593800012348228987|150,00|2750,00|0,00|0,00|0,00|0,00|
|C850|060|5403|0,00|2600,00|0,00|0,00||
|C800|59|00|1235|19122018|4600,00|||42683807368|230059380|23181214045341000198592300593800012355445068|187,00|4787,00|0,00|0,00|0,00|0,00|
|C850|060|5403|0,00|4600,00|0,00|0,00||
|C800|59|00|1236|19122018|2000,00|||37048147334|230059380|23181214045341000198592300593800012364822537|0,00|1460,00|540,00|0,00|0,00|0,00|
|C850|060|5403|0,00|2000,00|0,00|0,00||
|C800|59|00|1237|20122018|990,00|||06884870338|230059380|23181214045341000198592300593800012376475993|0,00|840,00|150,00|0,00|0,00|0,00|
|C850|060|5403|0,00|990,00|0,00|0,00||
|C800|59|00|1238|20122018|1000,00|||64964671372|230059380|23181214045341000198592300593800012382104950|50,00|1050,00|0,00|0,00|0,00|0,00|
|C850|060|5403|0,00|1000,00|0,00|0,00||
|C800|59|00|1239|20122018|1970,00|||77715250325|230059380|23181214045341000198592300593800012393457566|10,00|1980,00|0,00|0,00|0,00|0,00|
|C850|060|5403|0,00|1970,00|0,00|0,00||
|C800|59|00|1240|20122018|600,00|||70401209334|230059380|23181214045341000198592300593800012407326870|11,82|611,82|0,00|0,00|0,00|0,00|
|C850|060|5403|0,00|600,00|0,00|0,00||
|C800|59|00|1241|20122018|1500,00|||27301354304|230059380|23181214045341000198592300593800012415734583|0,00|1500,00|0,00|0,00|0,00|0,00|
|C850|060|5403|0,00|1500,00|0,00|0,00||
|C800|59|00|1242|20122018|1000,00||||230059380|23181214045341000198592300593800012424444231|0,00|830,00|170,00|0,00|0,00|0,00|
|C850|060|5403|0,00|1000,00|0,00|0,00||
|C800|59|00|1243|20122018|1700,00|||02635378380|230059380|23181214045341000198592300593800012434574120|8,14|1708,14|0,00|0,00|0,00|0,00|
|C850|060|5403|0,00|1700,00|0,00|0,00||
|C800|59|00|1244|20122018|5250,00|||73410888772|230059380|23181214045341000198592300593800012447765085|270,00|5520,00|0,00|0,00|0,00|0,00|
|C850|060|5403|0,00|5250,00|0,00|0,00||
|C800|59|00|1245|20122018|800,00|||20347723349|230059380|23181214045341000198592300593800012453975509|50,00|850,00|0,00|0,00|0,00|0,00|
|C850|060|5403|0,00|800,00|0,00|0,00||
|C800|59|00|1246|20122018|1900,00|||44417560382|230059380|23181214045341000198592300593800012466554752|43,79|1943,79|0,00|0,00|0,00|0,00|
|C850|060|5403|0,00|1900,00|0,00|0,00||
|C800|59|00|1247|20122018|700,00|||66040744391|230059380|23181214045341000198592300593800012477619370|28,01|728,01|0,00|0,00|0,00|0,00|
|C850|060|5403|0,00|700,00|0,00|0,00||
|C800|59|00|1248|20122018|800,00|||91984777300|230059380|23181214045341000198592300593800012488076870|20,41|820,41|0,00|0,00|0,00|0,00|
|C850|060|5403|0,00|800,00|0,00|0,00||
|C800|59|00|1249|20122018|380,00|||20337515387|230059380|23181214045341000198592300593800012499997254|0,00|380,00|0,00|0,00|0,00|0,00|
|C850|060|5403|0,00|380,00|0,00|0,00||
|C800|59|00|1250|20122018|1250,00|||77125169368|230059380|23181214045341000198592300593800012502149565|0,00|1215,11|34,89|0,00|0,00|0,00|
|C850|060|5403|0,00|1250,00|0,00|0,00||
|C800|59|00|1251|20122018|1560,00|||44054106315|230059380|23181214045341000198592300593800012518277967|0,00|1560,00|0,00|0,00|0,00|0,00|
|C850|060|5403|0,00|1560,00|0,00|0,00||
|C800|59|00|1252|20122018|4500,00|||22111506320|230059380|23181214045341000198592300593800012521517086|320,00|4820,00|0,00|0,00|0,00|0,00|
|C850|060|5403|0,00|4500,00|0,00|0,00||
|C800|59|00|1253|20122018|860,00|||42438489391|230059380|23181214045341000198592300593800012531762857|34,72|894,72|0,00|0,00|0,00|0,00|
|C850|060|5403|0,00|860,00|0,00|0,00||
|C800|59|00|1254|20122018|2700,00|||60416853307|230059380|23181214045341000198592300593800012549495389|96,95|2796,95|0,00|0,00|0,00|0,00|
|C850|060|5403|0,00|2700,00|0,00|0,00||
|C800|59|00|1255|20122018|1700,00|||02737337453|230059380|23181214045341000198592300593800012555193836|51,85|1751,85|0,00|0,00|0,00|0,00|
|C850|060|5403|0,00|1700,00|0,00|0,00||
|C800|59|00|1256|20122018|2000,00||||230059380|23181214045341000198592300593800012567114219|0,00|1950,00|50,00|0,00|0,00|0,00|
|C850|060|5403|0,00|2000,00|0,00|0,00||
|C800|59|00|1257|20122018|9694,80|||88442888349|230059380|23181214045341000198592300593800012576278806|1079,72|10774,52|0,00|0,00|0,00|0,00|
|C850|060|5403|0,00|9694,80|0,00|0,00||
|C800|59|00|1258|20122018|1007,25|||88442888349|230059380|23181214045341000198592300593800012580850926|0,00|1007,25|0,00|0,00|0,00|0,00|
|C850|060|5403|0,00|1007,25|0,00|0,00||
|C800|59|00|1259|20122018|905,27|||88442888349|230059380|23181214045341000198592300593800012594947528|0,00|905,27|0,00|0,00|0,00|0,00|
|C850|060|5403|0,00|905,27|0,00|0,00||
|C800|59|00|1260|20122018|9192,68|||88442888349|230059380|23181214045341000198592300593800012607835078|0,00|9192,68|0,00|0,00|0,00|0,00|
|C850|060|5403|0,00|9192,68|0,00|0,00||
|C800|59|00|1261|21122018|2235,00|||03272662367|230059380|23181214045341000198592300593800012614118076|17,15|2252,15|0,00|0,00|0,00|0,00|
|C850|060|5403|0,00|2235,00|0,00|0,00||
|C800|59|00|1262|21122018|3900,00|||03272662367|230059380|23181214045341000198592300593800012620782675|20,00|3920,00|0,00|0,00|0,00|0,00|
|C850|060|5403|0,00|3900,00|0,00|0,00||
|C800|59|00|1263|21122018|290,00|||02680200357|230059380|23181214045341000198592300593800012639593819|3,21|293,21|0,00|0,00|0,00|0,00|
|C850|060|5403|0,00|290,00|0,00|0,00||
|C800|59|00|1264|21122018|4000,00|||02460357303|230059380|23181214045341000198592300593800012647948590|0,00|3537,25|462,75|0,00|0,00|0,00|
|C850|060|5403|0,00|4000,00|0,00|0,00||
|C800|59|00|1265|21122018|400,00|||45754942320|230059380|23181214045341000198592300593800012653413814|3,56|403,56|0,00|0,00|0,00|0,00|
|C850|060|5403|0,00|400,00|0,00|0,00||
|C800|59|00|1266|21122018|600,00|||51286459320|230059380|23181214045341000198592300593800012665334191|24,18|624,18|0,00|0,00|0,00|0,00|
|C850|060|5403|0,00|600,00|0,00|0,00||
|C800|59|00|1267|21122018|7160,00|||36752304572|230059380|23181214045341000198592300593800012670627886|3,58|7163,58|0,00|0,00|0,00|0,00|
|C850|060|5403|0,00|7160,00|0,00|0,00||
|C800|59|00|1268|21122018|1100,00|||00749590343|230059380|23181214045341000198592300593800012683625429|31,46|1131,46|0,00|0,00|0,00|0,00|
|C850|060|5403|0,00|1100,00|0,00|0,00||
|C800|59|00|1269|21122018|470,00|||04520920353|230059380|23181214045341000198592300593800012697299561|13,68|483,68|0,00|0,00|0,00|0,00|
|C850|060|5403|0,00|470,00|0,00|0,00||
|C800|59|00|1270|21122018|1000,00|||02595940325|230059380|23181214045341000198592300593800012706494970|41,80|1041,80|0,00|0,00|0,00|0,00|
|C850|060|5403|0,00|1000,00|0,00|0,00||
|C800|59|00|1271|21122018|400,00|||00749590343|230059380|23181214045341000198592300593800012713658885|9,88|409,88|0,00|0,00|0,00|0,00|
|C850|060|5403|0,00|400,00|0,00|0,00||
|C800|59|00|1272|21122018|1970,00|||07308663353|230059380|23181214045341000198592300593800012721542785|0,00|1830,00|140,00|0,00|0,00|0,00|
|C850|060|5403|0,00|1970,00|0,00|0,00||
|C800|59|00|1273|21122018|1790,00|||20347723349|230059380|23181214045341000198592300593800012738444919|105,02|1895,02|0,00|0,00|0,00|0,00|
|C850|060|5403|0,00|1790,00|0,00|0,00||
|C800|59|00|1274|21122018|293,00|||02388414300|230059380|23181214045341000198592300593800012740537112|0,00|293,00|0,00|0,00|0,00|0,00|
|C850|060|5403|0,00|293,00|0,00|0,00||
|C800|59|00|1275|24122018|5196,00|||03417832349|230059380|23181214045341000198592300593800012759849764|364,00|5560,00|0,00|0,00|0,00|0,00|
|C850|060|5403|0,00|5196,00|0,00|0,00||
|C800|59|00|1276|24122018|4500,00|||32206429349|230059380|23181214045341000198592300593800012767768719|108,75|4608,75|0,00|0,00|0,00|0,00|
|C850|060|5403|0,00|4500,00|0,00|0,00||
|C800|59|00|1277|24122018|1470,00|||17683874272|230059380|23181214045341000198592300593800012777884622|0,00|1420,27|49,73|0,00|0,00|0,00|
|C850|060|5403|0,00|1470,00|0,00|0,00||
|C800|59|00|1278|24122018|3000,00|||95704272304|230059380|23181214045341000198592300593800012788033548|104,34|3104,34|0,00|0,00|0,00|0,00|
|C850|060|5403|0,00|3000,00|0,00|0,00||
|C800|59|00|1279|24122018|1400,00|||12246700353|230059380|23181214045341000198592300593800012796468043|0,00|1300,00|100,00|0,00|0,00|0,00|
|C850|060|5403|0,00|1400,00|0,00|0,00||
|C800|59|00|1280|24122018|3500,00|||04272811304|230059380|23181214045341000198592300593800012800552392|165,08|3665,08|0,00|0,00|0,00|0,00|
|C850|060|5403|0,00|3500,00|0,00|0,00||
|C800|59|00|1281|24122018|710,00|||16481682304|230059380|23181214045341000198592300593800012815542096|0,00|660,00|50,00|0,00|0,00|0,00|
|C850|060|5403|0,00|710,00|0,00|0,00||
|C800|59|00|1282|24122018|2180,00|||08157987334|230059380|23181214045341000198592300593800012829463428|199,30|2379,30|0,00|0,00|0,00|0,00|
|C850|060|5403|0,00|2180,00|0,00|0,00||
|C800|59|00|1283|24122018|400,00|||00749590343|230059380|23181214045341000198592300593800012831709129|9,88|409,88|0,00|0,00|0,00|0,00|
|C850|060|5403|0,00|400,00|0,00|0,00||
|C800|59|00|1284|24122018|1740,00|||23340630372|230059380|23181214045341000198592300593800012848413244|0,00|1610,00|130,00|0,00|0,00|0,00|
|C850|060|5403|0,00|1740,00|0,00|0,00||
|C800|59|00|1285|26122018|1640,00|||31928242391|230059380|23181214045341000198592300593800012857788077|10,00|1650,00|0,00|0,00|0,00|0,00|
|C850|060|5403|0,00|1640,00|0,00|0,00||
|C800|59|00|1286|26122018|1920,00|||07814614309|230059380|23181214045341000198592300593800012868889724|0,00|1920,00|0,00|0,00|0,00|0,00|
|C850|060|5403|0,00|1920,00|0,00|0,00||
|C800|59|00|1287|26122018|947,00|||60513848398|230059380|23181214045341000198592300593800012870546030|10,25|957,25|0,00|0,00|0,00|0,00|
|C850|060|5403|0,00|947,00|0,00|0,00||
|C800|59|00|1288|26122018|2790,00|||05198450308|230059380|23181214045341000198592300593800012886263807|61,82|2851,82|0,00|0,00|0,00|0,00|
|C850|060|5403|0,00|2790,00|0,00|0,00||
|C800|59|00|1289|26122018|3200,00|||24064360397|230059380|23181214045341000198592300593800012899501647|185,29|3385,29|0,00|0,00|0,00|0,00|
|C850|060|5403|0,00|3200,00|0,00|0,00||
|C800|59|00|1290|26122018|4900,00|||72056657368|230059380|23181214045341000198592300593800012909236576|122,20|5022,20|0,00|0,00|0,00|0,00|
|C850|060|5403|0,00|4900,00|0,00|0,00||
|C800|59|00|1291|26122018|800,00|||79599249372|230059380|23181214045341000198592300593800012915343354|52,21|852,21|0,00|0,00|0,00|0,00|
|C850|060|5403|0,00|800,00|0,00|0,00||
|C800|59|00|1292|26122018|275,00|||08841721391|230059380|23181214045341000198592300593800012929102389|0,00|275,00|0,00|0,00|0,00|0,00|
|C850|060|5403|0,00|275,00|0,00|0,00||
|C800|59|00|1293|26122018|3000,00|||35945125334|230059380|23181214045341000198592300593800012936308221|149,31|3149,31|0,00|0,00|0,00|0,00|
|C850|060|5403|0,00|3000,00|0,00|0,00||
|C800|59|00|1294|26122018|4375,00|||28442180320|230059380|23181214045341000198592300593800012940705248|101,73|4476,73|0,00|0,00|0,00|0,00|
|C850|060|5403|0,00|4375,00|0,00|0,00||
|C800|59|00|1295|26122018|1225,00|||58244409304|230059380|23181214045341000198592300593800012953239046|25,78|1250,78|0,00|0,00|0,00|0,00|
|C850|060|5403|0,00|1225,00|0,00|0,00||
|C800|59|00|1296|26122018|890,00|||22068716372|230059380|23181214045341000198592300593800012965422045|0,00|890,00|0,00|0,00|0,00|0,00|
|C850|060|5403|0,00|890,00|0,00|0,00||
|C800|59|00|1297|26122018|500,00|||46885200344|230059380|23181214045341000198592300593800012976325380|6,61|506,61|0,00|0,00|0,00|0,00|
|C850|060|5403|0,00|500,00|0,00|0,00||
|C800|59|00|1298|26122018|4800,00|||31301550310|230059380|23181214045341000198592300593800012984881530|123,29|4923,29|0,00|0,00|0,00|0,00|
|C850|060|5403|0,00|4800,00|0,00|0,00||
|C800|59|00|1299|26122018|3000,00|||39186598368|230059380|23181214045341000198592300593800012996699634|0,00|2900,00|100,00|0,00|0,00|0,00|
|C850|060|5403|0,00|3000,00|0,00|0,00||
|C800|59|00|1300|26122018|1290,00|||00769039316|230059380|23181214045341000198592300593800013003673542|86,55|1376,55|0,00|0,00|0,00|0,00|
|C850|060|5403|0,00|1290,00|0,00|0,00||
|C800|59|00|1301|26122018|700,00|||04668567337|230059380|23181214045341000198592300593800013011365150|0,00|690,00|10,00|0,00|0,00|0,00|
|C850|060|5403|0,00|700,00|0,00|0,00||
|C800|59|00|1302|26122018|590,00|||23251808320|230059380|23181214045341000198592300593800013023974963|0,00|590,00|0,00|0,00|0,00|0,00|
|C850|060|5403|0,00|590,00|0,00|0,00||
|C800|59|00|1303|26122018|600,00|||76740587191|230059380|23181214045341000198592300593800013033262923|24,18|624,18|0,00|0,00|0,00|0,00|
|C850|060|5403|0,00|600,00|0,00|0,00||
|C800|59|00|1304|27122018|4690,00|||04505573320|230059380|23181214045341000198592300593800013040883954|130,00|4820,00|0,00|0,00|0,00|0,00|
|C850|060|5403|0,00|4690,00|0,00|0,00||
|C800|59|00|1305|27122018|1250,00|||15517470300|230059380|23181214045341000198592300593800013052976154|4,00|1254,00|0,00|0,00|0,00|0,00|
|C850|060|5403|0,00|1250,00|0,00|0,00||
|C800|59|00|1306|27122018|110,00|||05083716356|230059380|23181214045341000198592300593800013068982892|0,00|110,00|0,00|0,00|0,00|0,00|
|C850|060|5403|0,00|110,00|0,00|0,00||
|C800|59|00|1307|27122018|172,00|||05083716356|230059380|23181214045341000198592300593800013078186541|0,00|172,00|0,00|0,00|0,00|0,00|
|C850|060|5403|0,00|172,00|0,00|0,00||
|C800|59|00|1308|27122018|2000,00|||80615368387|230059380|23181214045341000198592300593800013080156794|244,91|2244,91|0,00|0,00|0,00|0,00|
|C850|060|5403|0,00|2000,00|0,00|0,00||
|C800|59|00|1309|27122018|1290,00|||80615368387|230059380|23181214045341000198592300593800013091641583|0,00|1050,00|240,00|0,00|0,00|0,00|
|C850|060|5403|0,00|1290,00|0,00|0,00||
|C800|59|00|1310|27122018|230,00|||44055986734|230059380|23181214045341000198592300593800013106671208|0,00|230,00|0,00|0,00|0,00|0,00|
|C850|060|5403|0,00|230,00|0,00|0,00||
|C800|59|00|1311|27122018|400,00|||00694167371|230059380|23181214045341000198592300593800013112382182|9,88|409,88|0,00|0,00|0,00|0,00|
|C850|060|5403|0,00|400,00|0,00|0,00||
|C800|59|00|1312|27122018|1700,00|||20423268368|230059380|23181214045341000198592300593800013128671014|100,00|1800,00|0,00|0,00|0,00|0,00|
|C850|060|5403|0,00|1700,00|0,00|0,00||
|C800|59|00|1313|27122018|530,00|||63122421372|230059380|23181214045341000198592300593800013134645909|0,00|530,00|0,00|0,00|0,00|0,00|
|C850|060|5403|0,00|530,00|0,00|0,00||
|C800|59|00|1314|27122018|5090,00|||23570830349|230059380|23181214045341000198592300593800013142071444|110,83|5200,83|0,00|0,00|0,00|0,00|
|C850|060|5403|0,00|5090,00|0,00|0,00||
|C800|59|00|1315|27122018|1850,00|||78977770300|230059380|23181214045341000198592300593800013156155505|60,00|1910,00|0,00|0,00|0,00|0,00|
|C850|060|5403|0,00|1850,00|0,00|0,00||
|C800|59|00|1316|27122018|500,00|||00210234334|230059380|23181214045341000198592300593800013165514458|0,00|470,00|30,00|0,00|0,00|0,00|
|C850|060|5403|0,00|500,00|0,00|0,00||
|C800|59|00|1317|27122018|3700,00|||22420649320|230059380|23181214045341000198592300593800013179273199|195,25|3895,25|0,00|0,00|0,00|0,00|
|C850|060|5403|0,00|3700,00|0,00|0,00||
|C800|59|00|1318|27122018|6840,00|||84239514304|230059380|23181214045341000198592300593800013185847711|13,33|6853,33|0,00|0,00|0,00|0,00|
|C850|060|5403|0,00|6840,00|0,00|0,00||
|C800|59|00|1319|27122018|2300,00|||84239514304|230059380|23181214045341000198592300593800013195024106|0,00|1950,00|350,00|0,00|0,00|0,00|
|C850|060|5403|0,00|2300,00|0,00|0,00||
|C800|59|00|1320|27122018|3900,00|||00210234334|230059380|23181214045341000198592300593800013203864635|59,91|3959,91|0,00|0,00|0,00|0,00|
|C850|060|5403|0,00|3900,00|0,00|0,00||
|C800|59|00|1321|28122018|5500,00|||42394350300|230059380|23181214045341000198592300593800013210559290|70,00|5570,00|0,00|0,00|0,00|0,00|
|C850|060|5403|0,00|5500,00|0,00|0,00||
|C800|59|00|1322|28122018|1300,00|||43382754304|230059380|23181214045341000198592300593800013222277197|0,00|1250,00|50,00|0,00|0,00|0,00|
|C850|060|5403|0,00|1300,00|0,00|0,00||
|C800|59|00|1323|28122018|800,00|||03731936372|230059380|23181214045341000198592300593800013238162289|17,01|817,01|0,00|0,00|0,00|0,00|
|C850|060|5403|0,00|800,00|0,00|0,00||
|C800|59|00|1324|28122018|196,63|||60416853307|230059380|23181214045341000198592300593800013247266890|0,00|191,69|4,94|0,00|0,00|0,00|
|C850|060|5403|0,00|196,63|0,00|0,00||
|C800|59|00|1325|28122018|1850,00|||05453396342|230059380|23181214045341000198592300593800013259452197|51,15|1901,15|0,00|0,00|0,00|0,00|
|C850|060|5403|0,00|1850,00|0,00|0,00||
|C800|59|00|1326|28122018|765,00|||54074061791|230059380|23181214045341000198592300593800013266310106|1,33|766,33|0,00|0,00|0,00|0,00|
|C850|060|5403|0,00|765,00|0,00|0,00||
|C800|59|00|1327|28122018|1000,00|||73818100349|230059380|23181214045341000198592300593800013279702440|60,00|1060,00|0,00|0,00|0,00|0,00|
|C850|060|5403|0,00|1000,00|0,00|0,00||
|C800|59|00|1328|28122018|285,00|||12246700353|230059380|23181214045341000198592300593800013283992473|0,00|210,00|75,00|0,00|0,00|0,00|
|C850|060|5403|0,00|285,00|0,00|0,00||
|C800|59|00|1329|28122018|1575,00|||72991151315|230059380|23181214045341000198592300593800013297778770|105,00|1680,00|0,00|0,00|0,00|0,00|
|C850|060|5403|0,00|1575,00|0,00|0,00||
|C800|59|00|1330|28122018|1690,00|||25850474315|230059380|23181214045341000198592300593800013307800382|0,00|1680,00|10,00|0,00|0,00|0,00|
|C850|060|5403|0,00|1690,00|0,00|0,00||
|C800|59|00|1331|28122018|6905,00|||01109459300|230059380|23181214045341000198592300593800013316772817|5,00|6910,00|0,00|0,00|0,00|0,00|
|C850|060|5403|0,00|6905,00|0,00|0,00||
|C800|59|00|1332|28122018|390,00|||09115013391|230059380|23181214045341000198592300593800013329787664|0,00|330,00|60,00|0,00|0,00|0,00|
|C850|060|5403|0,00|390,00|0,00|0,00||
|C800|59|00|1333|28122018|2875,00|||42390842372|230059380|23181214045341000198592300593800013337384735|83,20|2958,20|0,00|0,00|0,00|0,00|
|C850|060|5403|0,00|2875,00|0,00|0,00||
|C800|59|00|1334|28122018|700,00|||39365034353|230059380|23181214045341000198592300593800013348735046|13,98|713,98|0,00|0,00|0,00|0,00|
|C850|060|5403|0,00|700,00|0,00|0,00||
|C800|59|00|1335|28122018|2000,00|||95704272304|230059380|23181214045341000198592300593800013356649919|12,97|2012,97|0,00|0,00|0,00|0,00|
|C850|060|5403|0,00|2000,00|0,00|0,00||
|C800|59|00|1336|28122018|5615,00|||60005942322|230059380|23181214045341000198592300593800013360996911|251,16|5866,16|0,00|0,00|0,00|0,00|
|C850|060|5403|0,00|5615,00|0,00|0,00||
|C800|59|00|1337|28122018|2142,72|||09479799308|230059380|23181214045341000198592300593800013376116495|0,00|2142,72|0,00|0,00|0,00|0,00|
|C850|060|5403|0,00|2142,72|0,00|0,00||
|C800|59|00|1338|28122018|3100,00|||01038840414|230059380|23181214045341000198592300593800013387287040|40,00|3140,00|0,00|0,00|0,00|0,00|
|C850|060|5403|0,00|3100,00|0,00|0,00||
|C800|59|00|1339|28122018|2170,00|||89494229304|230059380|23181214045341000198592300593800013396461139|117,33|2287,33|0,00|0,00|0,00|0,00|
|C850|060|5403|0,00|2170,00|0,00|0,00||
|C800|59|00|1340|28122018|955,00|||76849228315|230059380|23181214045341000198592300593800013401967708|43,07|998,07|0,00|0,00|0,00|0,00|
|C850|060|5403|0,00|955,00|0,00|0,00||
|C800|59|00|1341|28122018|500,00|||03357716372|230059380|23181214045341000198592300593800013412113560|6,61|506,61|0,00|0,00|0,00|0,00|
|C850|060|5403|0,00|500,00|0,00|0,00||
|C800|59|00|1342|28122018|590,00|||06511722414|230059380|23181214045341000198592300593800013425516439|0,00|590,00|0,00|0,00|0,00|0,00|
|C850|060|5403|0,00|590,00|0,00|0,00||
|C800|59|00|1343|28122018|2475,00|||03357716372|230059380|23181214045341000198592300593800013433483471|201,19|2676,19|0,00|0,00|0,00|0,00|
|C850|060|5403|0,00|2475,00|0,00|0,00||
|C800|59|00|1344|28122018|1300,00|||03738469320|230059380|23181214045341000198592300593800013440443439|0,00|1190,00|110,00|0,00|0,00|0,00|
|C850|060|5403|0,00|1300,00|0,00|0,00||
|C800|59|00|1345|28122018|150,00|||06467718410|230059380|23181214045341000198592300593800013459892670|5,49|155,49|0,00|0,00|0,00|0,00|
|C850|060|5403|0,00|150,00|0,00|0,00||
|C800|59|00|1346|28122018|3170,00|||11469534886|230059380|23181214045341000198592300593800013468153354|0,00|2860,00|310,00|0,00|0,00|0,00|
|C850|060|5403|0,00|3170,00|0,00|0,00||
|C800|59|00|1347|28122018|1750,00|||04929292387|230059380|23181214045341000198592300593800013470080512|52,92|1802,92|0,00|0,00|0,00|0,00|
|C850|060|5403|0,00|1750,00|0,00|0,00||
|C800|59|00|1348|28122018|590,00|||46141200320|230059380|23181214045341000198592300593800013484885860|0,00|590,00|0,00|0,00|0,00|0,00|
|C850|060|5403|0,00|590,00|0,00|0,00||
|C800|59|00|1349|30122018|1290,00|||81983166391|230059380|23181214045341000198592300593800013498383218|0,00|1190,00|100,00|0,00|0,00|0,00|
|C850|060|5403|0,00|1290,00|0,00|0,00||
|C800|59|00|1350|30122018|2000,00|||08157987334|230059380|23181214045341000198592300593800013503291185|231,58|2231,58|0,00|0,00|0,00|0,00|
|C850|060|5403|0,00|2000,00|0,00|0,00||
|C800|59|00|1351|30122018|1590,00|||23018844300|230059380|23181214045341000198592300593800013513648353|78,10|1668,10|0,00|0,00|0,00|0,00|
|C850|060|5403|0,00|1590,00|0,00|0,00||
|C800|59|00|1352|30122018|4000,00|||42001811268|230059380|23181214045341000198592300593800013529877071|0,00|3872,70|127,30|0,00|0,00|0,00|
|C850|060|5403|0,00|4000,00|0,00|0,00||
|C800|59|00|1353|30122018|5090,00|||02095399331|230059380|23181214045341000198592300593800013530870212|110,83|5200,83|0,00|0,00|0,00|0,00|
|C850|060|5403|0,00|5090,00|0,00|0,00||
|C800|59|00|1354|30122018|750,00|||25899481315|230059380|23181214045341000198592300593800013548086297|16,33|766,33|0,00|0,00|0,00|0,00|
|C850|060|5403|0,00|750,00|0,00|0,00||
|C800|59|00|1355|30122018|1900,00|||03272662367|230059380|23181214045341000198592300593800013556013414|0,00|1900,00|0,00|0,00|0,00|0,00|
|C850|060|5403|0,00|1900,00|0,00|0,00||
|C800|59|00|1356|30122018|4060,00|||14244519300|230059380|23181214045341000198592300593800013567413885|186,19|4246,19|0,00|0,00|0,00|0,00|
|C850|060|5403|0,00|4060,00|0,00|0,00||
|C800|59|00|1357|30122018|2500,00|||04384475306|230059380|23181214045341000198592300593800013573663081|22,15|2522,15|0,00|0,00|0,00|0,00|
|C850|060|5403|0,00|2500,00|0,00|0,00||
|C800|59|00|1358|30122018|4830,00|||03877452388|230059380|23181214045341000198592300593800013589243303|22,70|4852,70|0,00|0,00|0,00|0,00|
|C850|060|5403|0,00|4830,00|0,00|0,00||
|C800|59|00|1359|31122018|800,00|||03962072357|230059380|23181214045341000198592300593800013595139350|50,00|790,00|60,00|0,00|0,00|0,00|
|C850|060|5403|0,00|800,00|0,00|0,00||
|C800|59|00|1360|31122018|290,00|||22218467372|230059380|23181214045341000198592300593800013600047323|3,21|293,21|0,00|0,00|0,00|0,00|
|C850|060|5403|0,00|290,00|0,00|0,00||
|C800|59|00|1361|31122018|4500,00|||10288155300|230059380|23181214045341000198592300593800013619030272|83,29|4583,29|0,00|0,00|0,00|0,00|
|C850|060|5403|0,00|4500,00|0,00|0,00||
|C800|59|00|1362|31122018|590,00|||05956560304|230059380|23181214045341000198592300593800013623552520|0,00|590,00|0,00|0,00|0,00|0,00|
|C850|060|5403|0,00|590,00|0,00|0,00||
|C800|59|00|1363|31122018|900,00|||01038840414|230059380|23181214045341000198592300593800013635087186|20,00|920,00|0,00|0,00|0,00|0,00|
|C850|060|5403|0,00|900,00|0,00|0,00||
|C800|59|00|1364|31122018|500,00|||11758490306|230059380|23181214045341000198592300593800013646743497|6,61|506,61|0,00|0,00|0,00|0,00|
|C850|060|5403|0,00|500,00|0,00|0,00||
|C800|59|00|1365|31122018|1000,00|||78743982387|230059380|23181214045341000198592300593800013654395451|60,00|1060,00|0,00|0,00|0,00|0,00|
|C850|060|5403|0,00|1000,00|0,00|0,00||
|C800|59|00|1366|31122018|116,00|||61441864334|230059380|23181214045341000198592300593800013667646822|0,00|110,00|6,00|0,00|0,00|0,00|
|C850|060|5403|0,00|116,00|0,00|0,00||
|C800|59|00|1367|31122018|4435,00|||64560660344|230059380|23181214045341000198592300593800013675288557|64,06|4499,06|0,00|0,00|0,00|0,00|
|C850|060|5403|0,00|4435,00|0,00|0,00||
|C800|59|00|1368|31122018|1991,82|||42001811268|230059380|23181214045341000198592300593800013688101744|223,22|2215,04|0,00|0,00|0,00|0,00|
|C850|060|5403|0,00|1991,82|0,00|0,00||
|C800|59|00|1369|31122018|480,00|||00439759331|230059380|23181214045341000198592300593800013690989293|0,00|470,00|10,00|0,00|0,00|0,00|
|C850|060|5403|0,00|480,00|0,00|0,00||
|C800|59|00|1370|31122018|350,00|||04232272380|230059380|23181214045341000198592300593800013702827662|10,00|360,00|0,00|0,00|0,00|0,00|
|C850|060|5403|0,00|350,00|0,00|0,00||
|C800|59|00|1371|31122018|3900,00|||23053356368|230059380|23181214045341000198592300593800013710397612|0,00|3880,00|20,00|0,00|0,00|0,00|
|C850|060|5403|0,00|3900,00|0,00|0,00||
|C800|59|00|1372|31122018|2020,00|||67009581304|230059380|23181214045341000198592300593800013726881179|92,47|2112,47|0,00|0,00|0,00|0,00|
|C850|060|5403|0,00|2020,00|0,00|0,00||
|C800|59|00|1373|31122018|150,00|||76062490325|230059380|23181214045341000198592300593800013739033481|0,00|70,00|80,00|0,00|0,00|0,00|
|C850|060|5403|0,00|150,00|0,00|0,00||
|C800|59|00|1374|31122018|4500,00|||34866329300|230059380|23181214045341000198592300593800013747385960|4,38|4504,38|0,00|0,00|0,00|0,00|
|C850|060|5403|0,00|4500,00|0,00|0,00||
|C800|59|00|1375|31122018|1920,00|||94946817387|230059380|23181214045341000198592300593800013753559614|110,00|2030,00|0,00|0,00|0,00|0,00|
|C850|060|5403|0,00|1920,00|0,00|0,00||
|C990|2438|
|D001|1|
|D990|2|
|E001|0|
|E100|01122018|31122018|
|E110|939,95|0,00|0,00|0,00|6481,72|0,00|0,00|0,00|0,00|0,00|0,00|0,00|5541,77|0,00|
|E200|SP|01122018|31122018|
|E210|1|0,00|0,00|0,00|0,00|0,00|72,43|0,00|0,00|72,43|0,00|72,43|0,00|0,00|
|E990|6|
|G001|1|
|G990|2|
|H001|1|
|H990|2|
|K001|1|
|K990|2|
|1001|0|
|1010|N|N|N|N|N|N|N|N|N|
|1990|3|
|9001|0|
|9900|0000|1|
|9900|0001|1|
|9900|0005|1|
|9900|0100|1|
|9900|0150|383|
|9900|0190|7|
|9900|0200|115|
|9900|0400|5|
|9900|0450|355|
|9900|0460|48|
|9900|0990|1|
|9900|1001|1|
|9900|1010|1|
|9900|1990|1|
|9900|9001|1|
|9900|C001|1|
|9900|C100|531|
|9900|C110|355|
|9900|C113|13|
|9900|C170|162|
|9900|C190|666|
|9900|C195|53|
|9900|C800|328|
|9900|C850|328|
|9900|C990|1|
|9900|D001|1|
|9900|D990|1|
|9900|E001|1|
|9900|E100|1|
|9900|E110|1|
|9900|E200|1|
|9900|E210|1|
|9900|E990|1|
|9900|G001|1|
|9900|G990|1|
|9900|H001|1|
|9900|H990|1|
|9900|K001|1|
|9900|K990|1|
|9900|9900|42|
|9900|9990|1|
|9900|9999|1|
|9990|45|
|9999|3418|
