|0000|013|0|01012019|31012019|POLYSPACE INDUSTRIA DE ACESSORIOS PARA CASA E BANHO LTDA|23159702000118||CE|064726681|2311603|||B|0|
|0001|0|
|0005|POLICLASS|62790000|AV ABOLICAO|2025||CONJ ANT BONFIM|08532850400||contato@policlass.com.br|
|0100|JOAO CARLOS MINEIRO MOREIRA|26070154304|12472O9|06971550000134|60150161|AV SANTOS DUMONT|1510||ALDEOTA|8534331877||joaocarlos@sertecon.com.br|2304400|
|0150|C02999105/0001-21|A PADILHA EIRELI|01058|02999105000121||152047875|1501402||AV CENTRAL I (CJ MAGUARI)|384|TERREO;|COQUEIRO|
|0150|C04015034/0001-00|ACM ARTEFATOS DE MADEIRA EIRELI|01058|04015034000100||53717665|2927408||AV GENERAL SAN MARTIN|268||SAN MARTIN|
|0150|F60561719/0097-75|AKZO NOBEL LTDA|01058|60561719009775||626771640115|3547809||AV DOS ESTADOS|4826|BLOCO A|UTINGA|
|0150|F43818418/0008-90|Akzo Nobel Pulp and Performance Quimica|01058|43818418000890||388054665110|3524006||AkzoNobel|707|PORTAO A PLANTA PC|Sao Roque da Chave|
|0150|F20061395/0001-40|ANA PATRICIA BONFIM RODRIGUES 0095559833|01058|20061395000140||067296521|2300150||MADAME CONCEICAO|75||SAO BENEDITO|
|0150|F07240450/0001-09|APIGUANA MAQUINAS E FERRAMENTAS LTDA|01058|07240450000109||068402546|2304400||AV DUQUE DE CAXIAS|901||CENTRO|
|0150|C26354721/0001-93|ATACADAO FREIRE MATERIAL DE CONSTRUCAO L|01058|26354721000193||162820950|2515302||AV COMENDADOR RENATO RIBEIRO COUTINHO|1795|TERREOTERREO|CENTRO|
|0150|F13923945/0001-27|AVCO POLIMEROS DO BRASIL S.A.|01058|13923945000127||065687337|2307650||RUA LESTE-3|302||DISTRITO INDUSTRIAL I|
|0150|C05469356/0001-92|AXE COMERCIO DE MATERIAIS DE CONSTRUCAO|01058|05469356000192||58937323|2927408||AV SAN MARTIN|288||FAZENDA GRANDE DO RETIRO|
|0150|F00230735/0001-01|BOLTINOX COM REP IMP EXP LTDA|01058|00230735000101||114217790113|3550308||RUA ARCADIA|39||TATUAPE|
|0150|C10667891/0001-98|BVS COMERCIO DE MATERIAIS DE CONST LTDA|01058|10667891000198||063759837|2304285||RUA CLAUDIONOR CORDEIRO|1000||COACU|
|0150|C10667891000511|BVS COMERCIO DE MATERIAIS DE CONSTRUCAO|01058|10667891000511||067290140|2304285||RODOV CE 040|2791||GUARIBAS|
|0150|C03656804/0007-27|CARAJAS MATERIAL DE CONSTRUCAO LTDA|01058|03656804000727||242219004|2707701||LOT SANTA MARIA|194||MATA DO ROLO|
|0150|C03656804/0021-85|CARAJAS MATERIAL DE CONSTRUCAO LTDA|01058|03656804002185||067831435|2304400||AV GODOFREDO MACIEL|4140||MONDUBIM|
|0150|F03656804/0007-27|CARAJAS MATERIAL DE CONSTRUCAO LTDA|01058|03656804000727||242219004|2707701||LOT SANTA MARIA|194||MATA DO ROLO|
|0150|C05507986/0001-04|CAZANOVA MATERIAL DE CONSTRUCAO E DIST L|01058|05507986000104||029963168|2604106||RUA LEaO DOURADO|40||SAO FRANCISCO|
|0150|F10742938/0001-30|CBS PARAFUSOS LTDA ME|01058|10742938000130||063769158|2304400||AV BEZERRA DE MENEZES|370||FARIAS BRITO|
|0150|C08293785/0001-40|CENTRAL DA CONSTRUCAO LTDA|01058|08293785000140||161496091|2504009||1  AV PRESIDENTE JOAO PESSOA 614|614||CENTRO|
|0150|C14073092/0011-16|CERQUEIRA GONCALVES CIA LTDA|01058|14073092001116||003100871|2929305||RODOV BA 502||KM 27, S/N|EST FEIRA SAO GONCALO|
|0150|F01602389/0002-99|Clovis Amora e Cia. Ltda.|01058|01602389000299||063035472|2311603||Avenida Da Abolição S/N|00000||Centro|
|0150|C40528218/0001-38|COMERCIAL DE TINTAS LEAL JATOBA LTDA|01058|40528218000138||30166022|2917508||R MANOEL NOVAIS|186||CENTRO|
|0150|F40528218000138|COMERCIAL DE TINTAS LEAL JATOBA LTDA|01058|40528218000138||30166022|2917508||R MANOEL NOVAIS|186||CENTRO|
|0150|C22167971000163|COMERCIAL EDINA ASSUNCAO LTDA|01058|22167971000163||064450384|2306256||ROD EDSON QUEIROZ|2163||CARAPIO|
|0150|C08403578/0008-77|COMERCIAL JOSE LUCENA LTDA|01058|08403578000877||200228609|2408102||AV. PRESIDENTE BANDEIRA|882||ALECRIM|
|0150|C08403578/0012-53|COMERCIAL JOSE LUCENA LTDA|01058|08403578001253||200952013|2408102||AV. PRUDENTE DE MORAIS|3830||LAGOA NOVA|
|0150|F07047251/0001-70|COMPANHIA ENERGETICA DO CEARA -ENEL|01058|07047251000170||061058483|2304400||RUA PE VALDEVINO|150||CENTRO|
|0150|C12746673/0002-55|CONCRET MATERIAIS DE CONSTRUCAO LTDA|01058|12746673000255||200288768|2408003||RUA FREI MIGUELINHO|1330||NOVA BETANIA|
|0150|C31691447/0001-88|CORIL REPRESENTACOES LTDA|01058|31691447000188|||3205309||AV FERNANDO FERRARI - LOJA 01|3425|LOJA 01|JABOUR|
|0150|F07793656000158|Elite Dedetizações Industria e Comercio|01058|07793656000158||060352140|2304400||Rua Maximo Linhares|430||Cidade dos Funcionarios|
|0150|F01788591/0002-57|EMBALAGENS CEARA LTDA - FILIAL 1|01058|01788591000257||063185474|2312908||ROD. BR 222||KM 222, 000|DISTRITO INDUSTRIAL|
|0150|C30784664/0001-50|EMIDIO PAIS MATERIAIS DE CONSTRUCAO LTDA|01058|30784664000150||081054912|3205309||AV LEITAO DA SILVA|600||SANTA LUCIA|
|0150|F01834475000227|EXPRESS TCM LTDA|01058|01834475000227||336449561110|3518800||AV LINDOMAR GOMES DE OLIVEIRA|||CIDADE INDL SATELITE|
|0150|F04438473/0001-26|F.P. COLETTI COMERCIO E IMPORTACAO EIREL|01058|04438473000126||626400882110|3547809||R SANTO ANTONIO|59||JARDIM SANTO ANTONIO|
|0150|F10230480/0018-89|FERREIRA COSTA   CIA LTDA|01058|10230480001889||016019628|2606002||AV. SANTO ANTONIO - 4  ANDAR|515||CENTRO|
|0150|F10230480/0006-45|FERREIRA COSTA   CIA. LTDA - CD|01058|10230480000645||042993610|2611606||RUA CONEGO BARATA GP. 1/2|275||TAMARINEIRA|
|0150|C10230480/0006-45|FERREIRA COSTA & CIA LTDA|01058|10230480000645||042993610|2611606||RUA CoNEGO BARATA|||TAMARINEIRA|
|0150|C10230480/0011-02|FERREIRA COSTA & CIA LTDA|01058|10230480001102||082162155|2927408||AV LUIZ VIANA FILHO|6180|SUBSOLO ANDAR 1|PARALELA|
|0150|C10230480/0023-46|FERREIRA COSTA & CIA LTDA|01058|10230480002346||271500344|2800308||AV PRESIDENTE TANCREDO NEVES  SUBSOLO 2|2695|SUBSOLO 2  ANDAR|INACIO BARBOSA|
|0150|C10230480/0015-36|FERREIRA COSTA E CIA LTDA|01058|10230480001536||008784566|2611606||AV. MARECHAL MASCARENHAS DE MORAIS|26292967|GALPAO 1 E 2|IMBIRIBEIRA|
|0150|C10230480/0018-89|FERREIRA COSTA E CIA LTDA|01058|10230480001889||016019628|2606002||AV SANTO ANTONIO|515|4  ANDAR|SANTO ANTONIO|
|0150|F05646748/0001-80|FRANCISCO SAVIO BEZERRA UCHOA|01058|05646748000180||066793750|2309102||Faz. SITIO MADEIROS|0||ZONA RURAL|
|0150|F21572436/0001-25|G & P PLASTICOS LTDA - EPP|01058|21572436000125||712094907110|3556503||AVENIDA BARRETOS|854||JARDIM AMERICA|
|0150|F08417568000114|GAGLIARDI DISTRIBUIDORA DE LUBRIFICANTES|01058|08417568000114||062014889|2304400||Rua ANTENOR FROTA WANDERLEY|480||Benfica|
|0150|F08978365000105|GD7 DISTRIBUIDOR DE ALIMENTOS LTDA|01058|08978365000105||062120000|2304285||RODOVIA BR 116||KM 16, 7950|PEDRAS|
|0150|F05470495/0001-36|HL BENEFICIADORA DE ESTOPAS LTDA|01058|05470495000136||066747376|2304400||Rua RUA GONCALO BEZERRA|197||ANTONIO BEZERRA|
|0150|C83817858/0037-81|HOME CENTER BRASIL MATERIAIS PARA CONSTR|01058|83817858003781||059983442|2611606||AV MARECHAL MASCARENHAS DE MORAIS|3905||IMBIRIBEIRA|
|0150|C83817858/0038-62|HOME CENTER BRASIL MATERIAIS PARA CONSTR|01058|83817858003862||059983523|2609600||AV DOUTOR JOAQUIM NABUCO||QUADRA 6A LOTE 1|BULTRINS|
|0150|C83817858/0040-87|HOME CENTER BRASIL MATERIAIS PARA CONSTR|01058|83817858004087||069689660|2304400||AV. WASHINGTON SOARES|909||AGUA FRIA|
|0150|C83817858/0041-68|HOME CENTER BRASIL MATERIAIS PARA CONSTR|01058|83817858004168||067289517|2304400||AV GODOFREDO MACIEL|00088||PARANGABA|
|0150|C83817858/0043-20|HOME CENTER BRASIL MATERIAIS PARA CONSTR|01058|83817858004320||104258730|5208707||AV RIO VERDE|2200|QUADRA05 LOTE 01|VILA ROSA|
|0150|C83817858/0045-91|HOME CENTER BRASIL MATERIAIS PARA CONSTR|01058|83817858004591||103069887|5208707||AL DAS PAINEIRAS|50|QUADRAB-35 LOTE AREA|JARDIM GOIAS|
|0150|C83817858/0046-72|HOME CENTER BRASIL MATERIAIS PARA CONSTR|01058|83817858004672||0730855600604|5300108||TR SIA TRECHO 2||LOTE 645/720|GUARA|
|0150|C83817858/0048-34|HOME CENTER BRASIL MATERIAIS PARA CONSTR|01058|83817858004834||0730855600876|5300108||TR POLO DE DESENVOLVIMENTO JUSCELINO KUBITSCHEK TR||CONJ 1 LOTE 02|SANTA MARIA|
|0150|C83817858/0049-15|HOME CENTER BRASIL MATERIAIS PARA CONSTR|01058|83817858004915||87466353|3304557||AV PADRE GUILHERME DECAMINADA|2385|LOJA 27|SANTA CRUZ|
|0150|C83817858/0050-59|HOME CENTER BRASIL MATERIAIS PARA CONSTR|01058|83817858005059||87466345|3304557||RUA URUGUAI|00240||ANDARAI|
|0150|C83817858/0051-30|HOME CENTER BRASIL MATERIAIS PARA CONSTR|01058|83817858005130||87466337|3304557||RUA DO GALEAO|03100|LOJA B|GALEAO|
|0150|C83817858/0052-10|HOME CENTER BRASIL MATERIAIS PARA CONSTR|01058|83817858005210||87466329|3303203||AV GETULIO DE MOURA|2605|GALP|CENTRO|
|0150|C83817858/0053-00|HOME CENTER BRASIL MATERIAIS PARA CONSTR|01058|83817858005300||87466310|3304904||RUA CAPITAO JUVENAL FIGUEIREDO|1501|LOTE 14/15 Q|COLUBANDE|
|0150|C83817858/0055-63|HOME CENTER BRASIL MATERIAIS PARA CONSTR|01058|83817858005563||87463290|3305109||RUA MARIA SOARES SENDAS|111|LOTE A UNID G LOJA A|CENTRO|
|0150|C83817858/0056-44|HOME CENTER BRASIL MATERIAIS PARA CONSTR|01058|83817858005644||87466370|3304557||AV CESARIO DE MELO|03470|LOJA B|CAMPO GRANDE|
|0150|C83817858/0057-25|HOME CENTER BRASIL MATERIAIS PARA CONSTR|01058|83817858005725||87466388|3304557||RUA RIACHUELO|00208|LOJ E OUTRO8|CENTRO|
|0150|C83817858/0058-06|HOME CENTER BRASIL MATERIAIS PARA CONSTR|01058|83817858005806||87466280|3304557||EST DE JACAREPAGUA|07753|LOJA 102|FREGUESIA|
|0150|C83817858/0060-20|HOME CENTER BRASIL MATERIAIS PARA CONSTR|01058|83817858006020||083411178|3205002||AV ELDES SCHERRER SOUZA||QUADRA EC4 LOTE C|CIVIT II|
|0150|C83817858/0061-01|HOME CENTER BRASIL MATERIAIS PARA CONSTR|01058|83817858006101||083411160|3205309||AV VITORIA|2515||HORTO|
|0150|C83817858/0067-05|HOME CENTER BRASIL MATERIAIS PARA CONSTR|01058|83817858006705||151745809|2910800||AV GOVERNADOR JOAO DURVAL CARNEIRO|2200||CASEB|
|0150|C83817858/0068-88|HOME CENTER BRASIL MATERIAIS PARA CONSTR|01058|83817858006888||151745917|2919207||AV SANTOS DUMONT LOTE VARANDAS TROPICAIS KM 4 5|5170|LOTE VARANDAS TROPICAIS KM 4 5|PITANGUEIRAS|
|0150|C83817858/0069-69|HOME CENTER BRASIL MATERIAIS PARA CONSTR|01058|83817858006969||151746042|2927408||RUA DJALMA DUTRA|560||NAZARE|
|0150|C83817858/0070-00|HOME CENTER BRASIL MATERIAIS PARA CONSTR|01058|83817858007000||151746150|2927408||RUA MARCOS FREIRE|364||CAMINHO DAS ARVORES|
|0150|F83817858/0037-81|HOME CENTER BRASIL MATERIAIS PARA CONSTR|01058|83817858003781||059983442|2611606||AV MARECHAL MASCARENHAS DE MORAIS|3905||IMBIRIBEIRA|
|0150|F83817858006888|HOME CENTER BRASIL MATERIAIS PARA CONSTR|01058|83817858006888||151745917|2919207||AV SANTOS DUMONT LOTE VARANDAS TROPICAIS KM 4 5|5170|LOTE VARANDAS TROPICAIS KM 4 5|PITANGUEIRAS|
|0150|C39344569/0001-00|IRMAOS COELHO MATERIAL DE CONSTRUCAO|01058|39344569000100||081639651|3201209||ROD ENGENHEIRO FABIANO VIVACQUA|335||MARBRASA|
|0150|F62923354/0001-65|IRMÃOS GALEAZI LTDA|01058|62923354000165||108407820110|3550308||AV AV. PRESIDENTE WILSON|1763||MOOCA|
|0150|C13509849/0001-37|IRMAOS QUEIROZ LTDA|01058|13509849000137||092559842|2927408||AV GENERAL SAN MARTIN|244||FAZENDA GRANDE DO RETIRO|
|0150|F12396269/0001-18|JC ALVES DA SILVA ME|01058|12396269000118||064149129|2304400||AV IMPERADOR|1046||CENTRO|
|0150|F04433961/0001-40|JOSE OSMILDO MAGALHAES|01058|04433961000140||063110644|2303709||RUA RUA ALFREDO NESI|1192||PARQUE POTIRA|
|0150|C06171540315|JULIO CESAR LIMA DE OLIVEIRA|01058||06171540315||2304400||RUA ANiBAL MASCARENHAS|39||MONTE CASTELO|
|0150|C06265116000139|JUSSAN REPRESENTACOES LTDA|01058|06265116000139|||2700300||RUA ANTONIO SALU|101||JOAO PAULO II|
|0150|C23749548000134|KALEBRE MATERIAIS DE CONSTRUCAO LTDA|01058|23749548000134||129105426|2905701||RUA SENHOR DO BONFIM|||DISTRITO DE MONTE GORDO|
|0150|C07542463/0008-09|LELEO CONSTRUCOES LTDA|01058|07542463000809||064692396|2301109||Rua RUA CORONEL ALEXANDRINO|1787||CENTRO|
|0150|F01438784/0043-56|LEROY MERLIN CIA BRASILEIRA DE BRICOLAGE|01058|01438784004356||067056733|2304400||SEBASTIAO DE ABREU|0||EDSON QUEIROZ|
|0150|C01438784/0002-88|LEROY MERLIN COMPANHIA BRASILEIRA DE BRI|01058|01438784000288||115026907112|3550308||RUA DOMINGAS GALLETERI BLOTA|311||JARDIM SANTA CRUZ|
|0150|C01438784/0012-50|LEROY MERLIN COMPANHIA BRASILEIRA DE BRI|01058|01438784001250||77453466|3304557||AV AYRTON SENNA|2.000|ANTIGA AV. ALVORADA|BARRA DA TIJUCA|
|0150|C01438784/0013-30|LEROY MERLIN COMPANHIA BRASILEIRA DE BRI|01058|01438784001330||116613718111|3550308||AV MAGALHAES DE CASTRO||KM 12 ENCRAVADO BOTAF|BUTANTA|
|0150|C01438784/0014-11|LEROY MERLIN COMPANHIA BRASILEIRA DE BRI|01058|01438784001411||0746117500278|5300108||ST SMAS TRECHO 03 - CONJUNTO 05||S/N LOJA 01 SUBSOLO|ST MULT.ATIVIDADES SUL|
|0150|C01438784/0017-64|LEROY MERLIN COMPANHIA BRASILEIRA DE BRI|01058|01438784001764||149549744115|3550308||AV RICARDO JAFET|1501|PARTE A|VILA SANTA EULALIA|
|0150|C01438784/0019-26|LEROY MERLIN COMPANHIA BRASILEIRA DE BRI|01058|01438784001926||104299444|5208707||AV GOIAS NORTE|3592|QUADRA D - 2 1|CENTRAL|
|0150|C01438784/0021-40|LEROY MERLIN COMPANHIA BRASILEIRA DE BRI|01058|01438784002140||1860558000110|3106200||ROD BR-356|7515||BELVEDERE|
|0150|C01438784/0023-02|LEROY MERLIN COMPANHIA BRASILEIRA DE BRI|01058|01438784002302||78725265|3303302||RUA CARLOS GOMES|65||BARRETO|
|0150|C01438784/0025-74|LEROY MERLIN COMPANHIA BRASILEIRA DE BRI|01058|01438784002574||0746117500359|5300108||RUA Q QS 3 - 420||LOTE 04;BLOCO B|AGUAS CLARAS|
|0150|C01438784/0040-03|LEROY MERLIN COMPANHIA BRASILEIRA DE BRI|01058|01438784004003||1860558000455|3106200||AV PASTOR ANSELMO SILVESTRE|1495||DOM JOAQUIM|
|0150|C01438784/0043-56|LEROY MERLIN COMPANHIA BRASILEIRA DE BRI|01058|01438784004356||067056733|2304400||AV SEBASTIaO DE ABREU|||EDSON QUEIROZ|
|0150|C01438784/0046-07|LEROY MERLIN COMPANHIA BRASILEIRA DE BRI|01058|01438784004607||143271442113|3550308||AV REGENTE FEIJO|1425||TATUAPE|
|0150|C01438784/0050-85|LEROY MERLIN COMPANHIA BRASILEIRA DE BRI|01058|01438784005085||635787475114|3548708||RUA R FUAD MUSSA CHEID|190||PLANALTO|
|0150|C01438784/0054-09|LEROY MERLIN COMPANHIA BRASILEIRA DE BRI|01058|01438784005409||204348854|2403251||ROD ROD BR - 101|||EMAUS|
|0150|C01438784/0063-08|LEROY MERLIN COMPANHIA BRASILEIRA DE BRI|01058|01438784006308||118126442110|3550308||AV PRESIDENTE CASTELO BRANCO|6061|PARTE|PARQUE RESIDENCIAL DA LAPA|
|0150|C01438784000440|LEROY MERLIN COMPANHIA BRASILEIRA DE BRI|01058|01438784000440||244646520117|3509502||TRV DA RODOVIA DOM PEDRO I||LOTE 083|JARDIM BRANDINA|
|0150|C10486051/0001-29|M A COMERCIO DE MATERIAL ELETRICO LTDA M|01058|10486051000129||063725908|2304400||AV FRANCISCO Sa|3783||CARLITO PAMPLONA|
|0150|F10440320/0001-16|M DO S ARAUJO CARVALHO - ME|01058|10440320000116||063705583|2303709||RUA HERIBALDO RODRIGUES|1160||PARQUE POTIRA|
|0150|C05463734/0001-20|MADEIREIRA CURUZU EIRELI|01058|05463734000120||58950012|2927408||AV SAN MARTIN|288|LOJA TERREO|FAZENDA GRANDE DO RETIRO|
|0150|F07805674/0001-02|MADEIREIRA ITAIPU LTDA|01058|07805674000102||060146591|2304400||RUA GERMANO FRANK|935||Parangaba|
|0150|C09267050/0004-57|MB COM DE MATERIAIS DE CONSTRUCAO LTDA|01058|09267050000457||063610370|2304400||RUA DO CRUZEIRO|1115||MESSEJANA|
|0150|F04934227/0001-65|MEGA LUX COM SERV MAT ELETR HIDR LTDA|01058|04934227000165||066966400|2304400||RUA PRINCESA ISABEL|228||CENTRO|
|0150|F08352947/0001-73|MIL COMERCIO DE EMBALAGENS LTDA|01058|08352947000173||062032283|2304400||Rua SENADOR POMPEU|554||CENTRO|
|0150|C00778553/0001-70|O MESTRE MATERIAL DE CONSTRUCAO LTDA|01058|00778553000170||161090940|2507507||AV ARAGAO E MELO|340360|N 360, 378, E MANOEL DEODATO, 293|TORRE|
|0150|C05059270/0001-91|OBJETIVA ATACADISTA DA CONSTRUCAO LTDA|01058|05059270000191||0743393100187|5300108||ST SGCV||LOTE 02, S/N|GUARA|
|0150|F41413543/0001-18|OTICREL OTILIO COMERCIO LTDA|01058|41413543000118||069100403|2304400||Rua CEARá|648||COUTO FERNANDES|
|0150|F02500041/0001-72|PAEMA EMBALAGENS DO CEARA LTDA|01058|02500041000172||062660179|2307700||Rua PROFESSOR HENRIQUE CHAVES|97||TANGUEIRA|
|0150|C03555402/0001-40|PARAGOMINAS CONSTRUCOES LTDA|01058|03555402000140||240977092|2704302||AV SERZEDELO DE BARROS CORREIA|200||SANTOS DUMONT|
|0150|F03555402/0001-40|PARAGOMINAS CONSTRUCOES LTDA|01058|03555402000140||240977092|2704302||AV SERZEDELO DE BARROS CORREIA|200|B|SANTOS DUMONT|
|0150|C04872931/0001-30|PLASTSAN PLASTICOS DO NORDESTE LTDA|01058|04872931000130||063202743|2303709||ROD BR 222 kM 04|06755||TAPABUA|
|0150|F04872931/0001-30|PLASTSAN PLASTICOS DO NORDESTE LTDA|01058|04872931000130||063202743|2303709||ROD BR 222 kM 04|06755||TAPABUA|
|0150|C14671398/0001-00|PONTO CENTRAL DA CERAMICA|01058|14671398000100||161911641|2506301||AV RUI BARBOSA|367||CENTRO|
|0150|F05242409/0001-38|R B S COMERCIAL DE MAQUINAS E SERVICOS L|01058|05242409000138||068136463|2304400||AV. FRANCISCO SÁ|2767||CARLITO PAMPLON|
|0150|F61142865/0040-93|RENNER SAYERLACK SA|01058|61142865004093||066888549|2304400||RUA HERBENE|605||MESSEJANA|
|0150|F24402496/0001-98|RENOV NORDESTE EIRELI - ME|01058|24402496000198||064933962|2303709||ROD BR 222|8170|KM05|PARQUE TABAPUA|
|0150|C04201876/0001-57|SAL EMPREENDIMENTOS LTDA|01058|04201876000157||200917960|2408102||Rua FRANCISCO GURGEL|1160||PONTA NEGRA|
|0150|F08749429/0001-98|SIMAG COMERCIO DE DOMISSANITARIOS LTDA.|01058|08749429000198||062068156|2304400||AV VISCONDE DO RIO BRANCO|1714||CENTRO|
|0150|C07342785/0001-20|SODINE SOC. DIST. DO NE LTDA - MATRIZ|01058|07342785000120||061011789|2304400||AVENI BORGES DE MELO|1287||FATIMA|
|0150|F07342785000120|SODINE SOC. DIST.DO NE LTDA - MATRIZ|01058|07342785000120||061011789|2304400||AV.BORGES DE MELO||, 1287|FATIMA|
|0150|F07342785000804|SODINE SOC. DIST.DO NE LTDA LJ MATRIZ|01058|07342785000804||066971446|2304400||AV. BORGES DE MELO||, 1287|FATIMA|
|0150|F05588797/0003-75|STOCK EQUIPAMENTOS INDUSTRIAIS E SEGURAN|01058|05588797000375||062065300|2304400||RUA CASTRO E SILVA|1056||CENTRO|
|0150|F33000118/0015-74|TELEMAR NORTE LESTE LTDA|01058|33000118001574||061062057|2304400||AV SANTOS DUMONT|6355||ALDEOTA|
|0150|F59106666/0001-71|TERMOMECANICA SAO PAULO S.A.|01058|59106666000171||635014528110|3548708||AV AV CAMINHO DO MAR 2652|2652||RUDGE RAMOS|
|0150|C12667558000104|TOTAL TUDO DISTRIBUIDORA LTDA|01058|12667558000104||020214128|2910800||RUA CARACOL|110||SANTO ANTONIO DOS PRAZERES|
|0150|F35039866/0001-90|VALDENIA MARIA BEZERRA DA ROCHA EPP|01058|35039866000190||060942207|2309102||Rua CORONEL JUSTINO CAFE|354||CENTRO|
|0150|F04347634/0001-76|VERNILACK COM. E REPRESENTAÇÕES LTDA|01058|04347634000176||063096030|2304400||RUA VITóRIA|1507||HENRIQUE JORGE|
|0150|C17523384000120|WING DISTRIBUIDORA, COMERCIO E LOGISTICA|01058|17523384000120||065070879|2303709||AV DA INTEGRACAO|800||PATRICIA GOMES|
|0150|FF172349060920181|JIANDE EBO TECHNOLOGY CO LTD|01600||||9999999||INDUSTRIAL PARK HOUSHAN VILLAGE|||QIANTAN TOWN|
|0190|UD|Unidade Importada Nfe|
|0190|PC|PEÇA|
|0190|UN|UNIDADE|
|0190|KG|QUILOGRAMA|
|0190|MI|MIL|
|0190|MIL|MILHEIRO|
|0190|CTO|CENTO1|
|0190|UND|Unidade Importada Nfe|
|0190|CT|CENTO3|
|0190|SC|SACO|
|0190|LT|LITRO|
|0190|L|Unidade Importada Nfe|
|0190|UN.|UNIDADE|
|0190|ML|MILHEIRO1|
|0190|JG|JOGO|
|0190|M|METRO|
|0190|M2|METRO QUADRADO|
|0190|CX|CAIXA|
|0200|7897584700012|FECHO ROLETE 101 NIQUELADO|7897584700012||CT|01|83024200||83||||
|0200|232|GRAMPO 80/10 (CAIXA C/ 41.250 MILHEIROS)|||UN|01|83052000||83||||
|0200|1018|FITA REALBAND PARDA 70 mm SRSI|||KG|02|48114910||48||||
|0200|1105|SACO PLASTICO 45 X 67 X 0.5|||KG|02|39232190||39||||
|0200|001175|ASS SANIT POL ALOHA BRANCO|7898114970134||UN|04|39222000||39||12|1001300|
|0200|1623|PRIMER UV BRANCO 25 KG|||KG|01|32149000||32||||
|0220|KG|1|
|0200|001912|ASS SANIT LAQ UNIV RAVENA EBANO|||UN|04|44219900||39||12||
|0200|003268|CATALISADOR BRASNOX DM 50E|||UN|01|29096020||29||17||
|0200|003270|LAZZUMIX POLIESTER PEROLA BRANCA FINA|||UN|01|59119000||59||17||
|0200|3352|BARRA LATAO CLA RED 15,87MM X 3000MM 5/8|||KG|01|74072110||74||||
|0220|KG|1|
|0200|3383|BATEDOR DUOMO BRANCO|||MI|01|39269090||39||0||
|0200|003394|SEMI-PERMANENTE PMR-90 (DESMOLDANTE)|||UN|01|32149000||32||17||
|0200|003474|ACABAMENTO PU BRILHANTE BRANCO|7891567787809||LT|01|84159010||84||12|2109400|
|0200|3798|ADITIVO DE GEL DC 56 - 20KG|||KG|01|39100019||||||
|0220|KG|1|
|0200|3811|PUXADOR CROMADO/ CROMADO 110|||CT|01|39263000||39||0||
|0200|4224|Bucha Nylon 08mm sem anel (Saco c/ 500pçs)|||SC|01|39269090||39||||
|0200|4289|PINO 30|||UN|01|83052000||83||17||
|0200|004322|MDF CRU 12MM X 1.83M X 2.75M|||M2|01|44111490||44||||
|0220|UN|1|
|0200|4634|ARAMADO PLASTSAN|||UN|01|73102990||||||
|0200|4865|SELADOR CHL* 15LT 3L|||UN|01|85158090||||||
|0200|5313|PARAFUSO 35 X 12 CH|||CT|01|73181500||73||||
|0200|5318|CORREDICA TELESCOPIA 350MM|||UN|01|83024200||83||0||
|0200|5326|PRIMER PU BCO|||UN|01|32081010||32||17||
|0200|005334|PÉ 37X45X140 BRANCO|||UN|01|70010000||70||17||
|0200|005346|ESMALTE UV BRILHANTE|||UN|01|32089010||32||17||
|0200|005378|ASS SANIT LAQ ALOHA BRANCO|7898114970103||UN|04|44219900||44||12||
|0200|5439|SACO 45 X 67 X 0,5 - ASSENTO|||KG|01|39232190||39||0||
|0220|UN|1|
|0200|5662|PARAFUSO 35 X 25 FL|||CT|01|73181500||||||
|0200|5690|MASSA UV|||KG|01|32141020||32||||
|0220|KG|1|
|0220|UN|1|
|0200|005733|PORCA CILINDRICA|||UN|01|39263000||39||17||
|0200|5816|CAIXA Nº 100 - AVANTI 635 X 400 X 550|||UN|02|48191000||48||||
|0220|UN|1|
|0200|006075|CATALISADOR BRASNOX|||KG|01|29096020||29||||
|0200|6201|CORREDICA 350MM|||JG|01|83024200||83||||
|0200|006624|CANTONEIRA METALICA 54MM X 37MM ZINCADA|||PC|01|83024200||83||17||
|0200|6666|NPOFF-H-OOMO (POLIPR) C/CARGA S25 L=14948|||KG|03|39021010||39||||
|0200|7339|PUXADOR CROMADO / FOSCO 140|||CT|01|39263000||39||0||
|0220|UN|1|
|0200|7612|SUPORTE ESPELHEIRA 42 X 14 2F 1R ZINCO/ BICRO|||CT|01|83024200||83||||
|0200|007753|GRAMPO RIGI PONTAS 16MM TIPO 950 C3000|||UN|01|73170090||73||12||
|0200|7893|ADESIVO  TRAVA ROSCA|||CX|01|35061010||||||
|0220|UN|1|
|0200|7998|PINO 25|||MIL|01|73170090||73||||
|0200|8035|CONSUMO|7893401044178||UD|07|39206999||39||||
|0200|8462|BATEDOR 20 X 7 BRANCO|||MIL|01|39269090||39||||
|0200|8556|PERFIL AL ST 2486 ORELHA RETA|||KG|01|76042920||||||
|0200|8558|PERFIL AL ST 2485 ORELHA TORTA|||KG|01|76042920||76||||
|0200|9999|BUCHA 14X19 PRETA|||ML|01|39269090||39||||
|0200|10652|DISPOSITIVO TRAPEZIO 14MM BRANCO|7897584733973||CT|01|39263000|00|39||||
|0200|10716|PERFIL AL ST-2231|||KG|01|76042920||76||||
|0200|11650|PUXADOR 289 FURACAO 224 MM / TOTAL HASTE 244  MM CROM|||CT|01|39263000||39||0||
|0200|11860|CX PAP 216 - KIT 4 ASSENTOS PS - 515X395X180|||UN|02|48191000||48||||
|0200|11926|BALCAO DE COZINHA FORMA CLEAN 1,20M BCO/PTO|7898116001720||UN|04|94034000||94||12||
|0200|11967|CATALISADOR PU|||LT|01|32089029||32||||
|0200|11976|PA CHIP CHATA 3,0 X 10 BC|||CT|01|73181500||32||0||
|0200|11990|Tapa Furo Branco TX 12mm|||MIL|01|39204900||39||||
|0200|012106|PARAFUSO MDF FLANG 4,0 X 50 FE BICRO|||CT|01|73181500||73||17||
|0200|12225|DOBRADICA CANECO 26 COLO SUPER ALTO (R) (ZINCO BRANCO|||UN|01|83021000||83|||1007600|
|0200|012442|Paraf.Lent f/comb 3/16 x 1.1/2 A2|||CTO|01|73181500||73|||1005800|
|0200|12443|PARAF. LENT F/COMB 5/32 X 3/8 A2|||CTO|01|73181500||73|||1005800|
|0200|12674|PE P 720/130 (SOB) PRATA PINTADO|||UN|01|39263000||39||||
|0200|12729|CX PAP 150 - BALCAO CLEAN 1 20 MTS - 1140X486X600|||UN|02|48191000||48||||
|0200|12731|DELICATO FL 0.4 PR1 019MM R300|||M|01|39204900||39|||1000900|
|0200|12841|ESPELHO 03MM BISOTE EMBALADO - 24.08.16 - 100 500X700|||PC|01|70099100||70||||
|0200|14222|PE 50MM 200MM BRANCO VIR. SEM PARAFUSO PONT METAL.-|||UN|01|39174090||39||||
|0200|14320|PRETO A 310 BRILHO 15|||M|01|48114990||48||||
|0200|14452|CX PAP 180 - KIT MAXIMOS - 570X360X480|||UN|02|48191000||48||||
|0200|14498|CX PAP 188 - GABINETE TURIN - 505X405X543|||UN|02|48191000||48||||
|0200|14501|CX PAP 186 - GABINETE PORTO PS - 675X405X570|||UN|02|48191000||48||0||
|0200|14502|CX PAP 187 - GABINETE VIVAZ - 635X405X570|||UN|02|48191000||48||0||
|0200|14568|CX PAP 114-ASS SANITARIO IND POLICLASS 960X700 T|||UN|02|48191000||48|||2803700|
|0200|014688|KIT MAD ALLURE BRANCO|7898116006480||UN|04|94036000||94||12||
|0200|14702|CHP MDF PALIPTO MODERNITE 2FC MILANO 15mm x1.83m x2.7|||PC|01|44111490||44||0||
|0200|14704|ACAB. UV BRANCO BRILHANTE LASER|7891567485149||KG|01|32082019||32||12|2400100|
|0200|14705|CX PAP 190 - CUBA BELA - 455X330X115|||UN|02|48191000||48||||
|0200|14720|CX PAP 183 - SUPORTE GABINETE VINTAGE INFERIOR - 900X|||UN|02|48191000||48||||
|0200|14735|STRETCH MANUAL 500X25|||KG|02|39201099||39||||
|0200|14737|DOBRADICA AL2 MODUL ALTA CANECA 9MM ZINC|||PC|01|83021000||83||||
|0200|14927|CX PAP 197 - GABINETE ALLURE - 570X362X403|||UN|02|48191000||48||||
|0200|014983|PA CHIP CHATA 3,5X12 BC|||CT|01|73181500||73||17||
|0200|15679|PERFIL AL ST-2322|||KG|01|76042920||76||0||
|0200|15680|CX PAP 189 - GABINETE NOTAVEL - 490X405X405|||UN|02|48191000||48||||
|0200|16093|PA CHIP FLANGEADO 3,5 X 25|||CT|01|73181500||73||||
|0200|16102|CX PAP 199 - KIT SHOW/SUPREME - 390X305X475|||UN|02|48191000||48||||
|0200|016152|BALCAO COZINHA MDP 120 FORMA CLEAN BCO UN|7898116007210||UN|04|94034000|00|94|||2804000|
|0200|16245|CASTANHA GIROFIX ZAMAC 15MM 12MM|||PC|01|79070090||79||||
|0200|16246|PINO GIROFIX C/ ROSCA SOBERBA ZAMAC|||PC|01|79070090||79||||
|0200|16326|CALCO 12MM MODUL ESTAMPADO ZINC|||PC|01|83021000||83||||
|0200|16334|BRANCO ALIANCA IV 310 BRILHO 15|||M|01|48114990||48||||
|0200|16375|CAVILHAS MADRE   6 X 30|||UN|01|94036000||94||||
|0220|UN|1|
|0200|16376|RESINA DE MARMORE|||KG|01|39079100||39||||
|0200|16377|CX PAP 213 MONZA - 605X420X405|||UN|02|48191000||48||||
|0200|16403|SP-0047/L - PERFIL DE ALUMINIO - PXDR|||PC|01|76042919||76||||
|0200|16406|PA CHIP FLANGEADO 4,0 X 40 BC|||CT|01|73181500||73||0||
|0200|016685|MDF 2FC FLORENSE MADEIRADO DELICATO 15MMX1.83MX2.75M|||PC|01|44111490||44|||2803600|
|0200|016724|ARMARIO ITAPUA BCO/NOGUEIRA|||UN|00|94036000||94|||2804000|
|0200|016733|ARMARIO ITACARE BCO/DELICATO|||UN|00|94036000||94|||2804000|
|0200|016750|GABINETE FC NOGUEIRA|||UN|00|94036000||94|||2804000|
|0200|37800|PUXADOR CARINA CROMADO|||UN|01|39263000||39||0||
|0200|42817|HDF 2750 x 1850 x 2,5 mm PRI|||PC|01|44111210||44||||
|0200|71447|AM 768 ADESIVO    25KG P/LIQ: 350,|7894120360631||SC|01|35069190||35||||
|0200|99669|20688 CAIXA PE 350 LTS TRANSBINS|||UN|04|39232990||39||||
|0200|104155|CT POLICLASS - ASSENTO SANITARIO POLICLASS 500X400X45|||UND|02|48191000||48||||
|0200|0106670|RESINA CRISTAL 5076|||UN|01|39079100||39||12||
|0220|KG|1|
|0200|233232|BANCADA DO KIT BELART L=29954|||UN|04|69109000||69||||
|0200|5008677|Espelho 3mm355x403 LP AVANTI|||UN|01|70099100||70||||
|0200|5008746|ESPELHO 3MM 450X555  POLICLASS|||PC|01|70099100||70||0||
|0200|8003786|Espelho 3mm 490x595|||UN|01|70099100||70||0||
|0200|60612417|Adesivo CASCOLA 451 - 20g Adesivo Instantaneo 2314636|||UN|01|35061010||35|||2806300|
|0200|90004127|ESPELHO 3MM 380X600|||PC|01|70099100||70||0||
|0200|0114010118|CONTAINER PLASTICO - 1 TON|||UN|04|39239000||39||||
|0200|114010121|ASS SANIT IZY SMART CLOSE BRANCO|7898116009535||UN|04|39222000||39|||1001300|
|0200|114010123|ASS SANIT MONTE CARLO SMART CLOSE BRANCO|7898116009542||UN|04|39222000||39|||1001300|
|0200|114010125|ASS SANIT CARRARA SMART CLOSE BRANCO|7898116009566||UN|04|39222000||39|||1001300|
|0200|114010127|ASS SANIT ASPEN SMART CLOSE  BRANCO|7898116009580||UN|04|39222000||39|||1001300|
|0200|114010129|ASS SANIT CLEAN SMART CLOSE BRANCO|7898116009603||UN|04|39222000||39|||1001300|
|0200|114010133|ASS SANIT FIT SMART CLOSE BRANCO|7898116009641||UN|04|39222000||39|||1001300|
|0200|114010137|ASS SANIT LIFE SMART CLOSE BRANCO|7898116009689||UN|04|39222000||39|||1001300|
|0200|114010145|ASS SANIT RIVIERA SMART CLOSE BRANCO|7898116009771||UN|04|39222000||39|||1001300|
|0200|114010147|ASS SANIT VOGUE PLUS SMART CLOSE BRANCO|7898116009788||UN|04|39222000||39|||1001300|
|0200|114010149|ASS SANIT VILLAGE SMART CLOSE BRANCO|7898116009795||UN|04|39222000||39|||1001300|
|0200|114010151|ASS SANIT THEMA SMART CLOSE BRANCO|7898116009801||UN|04|39222000||39|||1001300|
|0200|114010153|ASS SANIT VERSATO SMART CLOSE BRANCO|7898116009818||UN|04|39222000||39|||1001300|
|0200|114010155|SOFT CLOSE  DAMPER TEMPO DE FECHAMENTO 5-25 SEGUNDOS|||UN|01|39249000||39||||
|0200|114010156|SOFT CLOSE  DAMPER TEMPO DE FECHAMENTO 5-25 SEGUNDOS|||UN|01|39249000||39||||
|0200|710041665|FITA DE BORDA BRANCO ALIANÇA 19|||M|01|48115130||48||0||
|0200|710042413|PARAFUSO AA 3,5X13|||UN|01|73181500||73|||1005800|
|0200|710043200|CAIXA ESPELHEIRA UNIVERSAL|||UND|02|48195000||48||||
|0200|710043513|fita de borda carvalho touch  160 FRII 19|||M|01|48115110||48|||2803700|
|0200|710043621|CAIXA ITACARE|||UND|02|48195000||48||||
|0200|960610641|CX PAP 177 - CUBA RETANGULAR - 468X366X105|||UN|02|48191000||48||||
|0200|960610828|CX PAP 217 - GAB SMART - 565X357X325|||UN|02|48191000||48||||
|0200|960611031|CX PAP - ESPELHEIRA NORONHA|||UN.|02|48191000||48||0||
|0200|960611032|CX PAP - ESPELHEIRA ITACARE - 905X115X618|||UN|02|48191000||48||0||
|0200|960611034|CX PAP - GABINETE NORONHA - 600X458X784|||UN|02|48191000||48||0||
|0200|960611035|CX PAP - GABINETE ITAPUA - 675X370X573|||UN|02|48191000||48||||
|0200|960611036|CX PAP - GABINETE GUARUJA - 675X404X573|||UN|02|48191000||48||||
|0200|960611037|CX PAP - GABINETE TIJUCA - 745X404X390|||UN|02|48191000||48||||
|0200|960611038|CX PAP - GABINETE IPANEMA - 603X404X408|||UN|02|48191000||48||||
|0200|960611039|CX PAP - MODULO ESPELHEIRA - 455X182X100|||UN|02|48191000||48||0||
|0200|960611220|CX PAP - ENVOLTORIO ESPELHEIRA PRAIA 1 - 700X672X16|||UN|02|48191000||48||||
|0200|960611303|MILANO FL 0.4 PR1 019MM R300 - FITA DE BORDA PVC|||M|01|39204900|01|39|||1000900|
|0200|00004|BATEDOR 20X7 CRISTAL|||MIL|01|39269090||39||||
|0200|960611309|COMP. PVC CRISTAL         90/264|||KG|01|39042200||39|||2803700|
|0200|7897584713098|PUXADOR 289 FURACAO 96 MM / TOTAL HASTE 116 MM CROMAD|7897584713098||CT|01|39263000||39||||
|0200|960612242|MDP BP BAUMKUCHEN TAT 2FC 12 mm PRI|||PC|01|44101129||44||||
|0200|960612243|MDP BP TAEDA DES 2FC 12 mm PRI|||PC|01|44101129||44||||
|0200|960612404|ACABAMENTO PU BRILHANTE NEGRO|7891567804117||L|01|32081010||32|||2400100|
|0200|960612497|PERFIL AL ST-3954 -46 B.|||KG|01|76042920||76||||
|0200|960612498|PERFIL AL ST-3955 -56 B.|||KG|01|76042920||76||||
|0200|960612499|PERFIL AL ST-3956 -50 B.|||KG|01|76042920||76||||
|0200|960612848|PERFIL AL ST-3961 -16 B.|||KG|01|76042920||76||||
|0200|960613069|CX PAP 230 - ESPELHEIRA PRAIA 2 - 672X114X600|||UN|02|48191000||48||||
|0200|960613113|BUCHA 14X19 TPU|||MI|01|39269090||39||||
|0200|960613128|AC POLICLASS - ASSENTO SANITARIO POLICLASS SMART CLOS|||UND|02|48191000||48||||
|0200|960613164|ESPELHO 03MM LAPIDADO/EMBALADO - 200 544X640|||PC|01|70099100||70||||
|0200|960613316|PERFIL AL ST-3990 -103 B.|||KG|01|76042920||76||||
|0200|960613317|PERFIL AL ST-3989 -54 B.|||KG|01|76042920||76||||
|0200|960613318|PERFIL AL ST-3988 -47 B.|||KG|01|76042920||76||||
|0200|960613319|PERFIL AL ST-3991 -123 B.|||KG|01|76042920||76||||
|0200|960613376|PERFIL AL S-0541 -218 B.|||KG|01|76042920||76||||
|0200|960613377|PERFIL AL S-3696 -312 B.|||KG|01|76042920||76||||
|0200|960613569|Arr.Lisa 6 D9021 A2 D INT 6,4 D EXT 18 ESPESSURA 1,6|7890203024131||CTO|01|73182200||73|||1005800|
|0400|0000000001|OUTRA SAIDA DE MERC. NAO ESPECIFICADA|
|0400|0000000002|RETORNO MERC RECEB P/CONTA E ORDEM TERC|
|0400|0000000003|Venda de combustivel ou lubrificante adquiridos ou recebidos|
|0400|0000000004|VENDA DE COMBUSTIVEL OU LUBRIFICANTE, AD|
|0400|0000000005|VENDA DE MERCADORIAS DENTRO DO ESTADO|
|0400|0000000006|VENDA DE PRODUCAO|
|0400|0000000007|VENDA DE PRODUCAO DO ESTABELECIMENTO|
|0400|0000000008|VENDA DE PRODUCAO I|
|0400|0000000009|VENDA MERC ADQ OU REC DE TERCEIROS|
|0400|0000000010|VENDA PROD ESTABELECIMENTO|
|0400|0000000011|VENDA PRODUCAO DO ESTABELECIMENTO|
|0400|0000000012|Venda produção do estabelecimento|
|0450|1|PEDIDO DE COMPRA N 1395122. VALOR APROX. DOS TRIBUTOS: R$ 93,85 FEDERAL, R$ 228,45 ESTADUAL, FONTE: IBPT/EMPRESOMETRO.COM.BR (D529CB).|
|0450|2|MD-5:DAE3A5473B5BA993CEA73611CD03D263 NF-E DE DEVOLUCAO EMITIDA NOS TERMOS DO ARTIGO 720 DO RICMS/AL. - FALTA (PRODUTO TROCADO) VIERAM NO LUGAR 08 UNIDADES DO ASSENTO VERSACO SMART. EMISSAO ORIGINAL NF-E: 001 000004007 11-12-2018|
|0450|3|MERCADORIAS CONSTANTE NFE3929 OBS. DEVOLUCAO PARCIAL  TOTAL  REF NF 3929 FALTA DE 2 GABINETES DETECTADOS NO ATO DA CONFERENCIA. DEVOLUCAO NEGOCIADA CONF. FORNECEDOR|
|0450|4|PEDIDO: DEVOLUCAO REFERENTE AS NOTAS NO: 000003701 SERIE: 1 DATA DA EMISSAO: 31102018|
|0450|5|PEDIDO: DEVOLUCAO REFERENTE AS NOTAS NO: 000003699 SERIE: 1 DATA DA EMISSAO: 31102018|
|0450|6|PEDIDO: DEVOLUCAO REFERENTE AS NOTAS NO: 000003831 SERIE: 1 DATA DA EMISSAO: 26112018|
|0450|7|MERCADORIAS CONSTANTE NFE3933 OBS. DEVOLUCAO PARCIAL  TOTAL  REF NF 3933 AVARIA DE 1 GABINETE FORMA CLEAN PTO DEVOLUCAO NEGOCIADA CONF. FORNECEDOR|
|0450|8|DEVOLUCAO PARCIAL REFERENTE NOTA FISCAL 1428.#DEVOLUCAO REFERENTE A MATERIA PRIMA.|
|0450|9|MERCADORIA RECUSADA PELO DESTINATARIO. VALOR APROX. DOS TRIBUTOS: R$ 153,58 FEDERAL, R$ 609,00 ESTADUAL, FONTE: IBPT/EMPRESOMETRO.COM.BR (D529CB).|
|0450|10|DEVOLUCAO REFERENTE A(S) NOTA(S): R-P3644;  , 3644;|
|0450|11|OPERACAO SEM DESTAQUE DO ICMS (ART. 591-A DECRETO 24569/97).|
|0450|12|DEVOLUCAO PARCIAL. VALOR APROX. DOS TRIBUTOS: R$ 25,54 FEDERAL, R$ 13,07 ESTADUAL, FONTE: IBPT/EMPRESOMETRO.COM.BR (D529CB).|
|0450|13|RETORNO REF.NF 193035 03/08/2018. VALOR APROX. DOS TRIBUTOS: R$ 45,10 FEDERAL, R$ 178,88 ESTADUAL, FONTE: IBPT/EMPRESOMETRO.COM.BR (D529CB).|
|0450|14|EMBALAGENS DE SUA PROPRIEDADE QUE SEGUEM EM DEVOLUCAO. ISENTO DO ICMS CONFORME ART 6 § I DEC 24569/97. VALOR APROX. DOS TRIBUTOS: R$ 113,40 FEDERAL, R$ 33,60 ESTADUAL, FONTE: IBPT/EMPRESOMETRO.COM.BR (D529CB).|
|0450|15|EMBALAGENS DE SUA PROPRIEDADE QUE SEGUEM EM DEVOLUCAO. ISENTO DO ICMS CONFORME ART 6 § I DEC 24569/97. VALOR APROX. DOS TRIBUTOS: R$ 267,95 FEDERAL, R$ 925,12 ESTADUAL, FONTE: IBPT/EMPRESOMETRO.COM.BR (D529CB).|
|0450|16|EMBALAGENS DE SUA PROPRIEDADE QUE SEGUEM EM DEVOLUCAO. ISENTO DO ICMS CONFORME ART 6 § I DEC 24569/97. VALOR APROX. DOS TRIBUTOS: R$ 344,51 FEDERAL, R$ 1.189,44 ESTADUAL, FONTE: IBPT/EMPRESOMETRO.COM.BR (D529CB).|
|0460|1|PEDIDO DE COMPRA N 1395122. VALOR APROX. DOS TRIBUTOS: R$ 93,85 FEDERAL, R$ 228,45 ESTADUAL, FONTE: IBPT/EMPRESOMETRO.COM.BR (D529CB).|
|0460|2|MD-5:DAE3A5473B5BA993CEA73611CD03D263 NF-E DE DEVOLUCAO EMITIDA NOS TERMOS DO ARTIGO 720 DO RICMS/AL. - FALTA (PRODUTO TROCADO) VIERAM NO LUGAR 08 UNIDADES DO ASSENTO VERSACO SMART. EMISSAO ORIGINAL NF-E: 001 000004007 11-12-2018|
|0460|3|ORDEM DE VENDA AKZO 0100461635 PEDIDO CLIENTE: E-MAIL REMESSA: 8090689406 NF EMITIDA NOS TERMOS DO ART. 32 - PORT. CAT. 32/96 SP. - CODIGO DA REPARTICAO: 00310 - DECLARO QUE OS PRODUTOS PERIGOSOS ESTAO ADEQUADAMENTE CLASSIFICADOS, EMBALADOS, IDENTIFICADOS|
|0460|4|MERCADORIAS CONSTANTE NFE3929 OBS. DEVOLUCAO PARCIAL  TOTAL  REF NF 3929 FALTA DE 2 GABINETES DETECTADOS NO ATO DA CONFERENCIA. DEVOLUCAO NEGOCIADA CONF. FORNECEDOR|
|0460|5|DEVOLUCAO REFERENTE A(S) NOTA(S): REMESSA EM GARANTIA;  REMESSA EM GARANTIA, 0;|
|0460|6|NOTA FISCAL AVULSA ELETRÔNICA EMITIDA PELA SECRETARIA DA FAZENDA DO ESTADO DO CEARÁ. CONTRIBUINTE MEI ISENTO DA COBRANA DA TAXA DA SEFAZ CONFORME ART 7, INCISO VI, DA LEI N 15.838 DE 27 DE JULHO DE 2015|
|0460|7|CONFORME PEDIDO POR EMAIL.LOTE - VALIDADE: 10719 - 27/01/2019; 11341 - 21/03/2019.|
|0460|8|;;;;; - VALOR APROXIMADO DOS TRIBUTOS:;R$447,00 DE TRIBUTOS FEDERAIS;R$0,00 DE TRIBUTOS ESTADUAIS. FONTE: IBPT - VENDEDOR: TIAGO BEZERRA|
|0460|9|DOCUMENTO EMITIDO POR ME OU EPP OPTANTE PELO SIMPLES NACIONAL. NAO GERA DIREITO A CREDITO FISCAL DE ISS E IPI- TOT.TRIB.FED: 124,13 TOT.TRIB.EST: 129,60 - FONTE: IBTP - VERSAO: F3W1D7|
|0460|10|MATERIAL FATURADO REFRENTE A MATERIAL MOIDO|
|0460|11|ISENTO DE ICMS CONFORME ARTIGO 6° INCISO I DO DECRETO 24569/97.|
|0460|12|TRIB APROX R$: 201.68 FEDERAL FONTE: IBPT. (PV 92978) [VENDEDOR ROMULO CEZAR] NVE-8659 - ROMULO RANGEL MERCADORIA COM ICMS PAGO ANTERIORMENTE POR SUBSTITUICAO TRIBUTARIA[ PARCELA - 1 VENC 08/02/19 VALOR R$ 628.33 ]|
|0460|13|CONFORME PEDIDO POR EMAIL.LOTE: 11347 - VALIDADE: 14/03/2019.|
|0460|14|VALOR CREDITO.://END. ENT.:SOLICITADO POR JULIANA, ,//N PEDIDO.:9120003307 N PED CLIENTE.://BEM/MERCADORIA DO COD./PRODUTO 1494 FABRICADO EM ESCALA INDUSTRIAL NAO RELEVANTE PELO CONTRIBUINTE , CNPJ//REDUCAO BASE CALCULO, CONF.ART 534 Z-Z-A DO RICMS-DEC.10|
|0460|15|DOCUMENTO EMITIDO POR ME OU EPP OPTANTE PELO SIMPLES NACIONAL. NAO GERA DIREITO A CREDITO FISCAL DE IPI. ICMS PAGO EM SUBSTITUICAO TRIBUTARIA CONFORME DECRETO LEI 23.023 DE 31/07/1997 CONFORME DECRETO LEI 31.270 DE 01/08/2013  PERMITE O APROVEITAMENTO DO|
|0460|16|PEDIDO:292774  - ICMS RETIDO POR SUBSTITUIÇÃO TRIBUTARIA DE ACORDO COM O DECRETO 31.270/2013 VALOR TOTAL DE TRIBUTOS E DE R$16,09|
|0460|17|PEDIDO:298258 - ICMS RETIDO POR SUBSTITUIÇÃO TRIBUTARIA DE ACORDO COM O DECRETO 31.270/2013 VALOR TOTAL DE TRIBUTOS E DE R$58,49|
|0460|18|VALOR CREDITO.://END. ENT.:SOLICITADO POR JULIANA, ,//N PEDIDO.:9120003092 N PED CLIENTE.://REDUCAO BASE CALCULO, CONF.ART 534 Z-Z-A DO RICMS-DEC.1090-R DE 25-10-2002//ICMS COBRADO ANTERIOMENTE POR ST CONF DECRETO 29.560/2008 DO RICMS/CE|
|0460|19|PEDIDO DO CLIENTE: / [01.F] LIVIA MARCIA DE SOUZA SALES  FORMA PAGAMENTO: BO COND. PAGAMENTO: 002 030 DDL  PED. POR JOVALDO. MOTOBOY. FONE. 3085-5760  * BASE CALC RED CF CONV ICMS 001/2000 - PRORROGADO CONV ICMS 52/91 *=51,11  ICMS RETIDO POR SUBSTITUICAO|
|0460|20|"PEDIDO GISELE, ICMS PAGO POR SUBSTITUICAO TRIBUTARIA CFE. DECRETO 31.270/2013"|
|0460|21|PEDIDO:298367 - ICMS RETIDO POR SUBSTITUIÇÃO TRIBUTARIA DE ACORDO COM O DECRETO 31.270/2013 VALOR TOTAL DE TRIBUTOS E DE R$36,94|
|0460|22|CONFORME PEDIDO POR EMAIL.LOTE - VALIDADE: 11341 - 21/03/2019; 11410 - 28/03/2019.|
|0460|23|ISENTO DE ICMS CONFORME ART. 6, INCISO I, DECRETO NO 24.569/97. - REFERENTE A NOTA FISCAL 19802.|
|0460|24|PEDIDO: DEVOLUCAO REFERENTE AS NOTAS NO: 000003701 SERIE: 1 DATA DA EMISSAO: 31102018|
|0460|25|PEDIDO: DEVOLUCAO REFERENTE AS NOTAS NO: 000003699 SERIE: 1 DATA DA EMISSAO: 31102018|
|0460|26|PEDIDO: DEVOLUCAO REFERENTE AS NOTAS NO: 000003831 SERIE: 1 DATA DA EMISSAO: 26112018|
|0460|27|NOTA REFERENTE A ÁGUAS DO MÊS DE NOVEMBRO 2018.. DOCUMENTO EMITIDO POR ME / EPP OPTANTE PELO SIMPLES NACIONAL NÃO GERA DIREITO A CRÉDITO FISCAL DE ICMS, DE ISS E DE IPI. BASE CÁLCULO: 0,00   ICMS: 0,00. .  . WWW.FOCUSINFORMATICA.INF.BR   (85)3237-6030|
|0460|28|NOTA REFERENTE A ÀGUA DO MÊS DE DEZEMBRO 2018.. DOCUMENTO EMITIDO POR ME / EPP OPTANTE PELO SIMPLES NACIONAL NÃO GERA DIREITO A CRÉDITO FISCAL DE ICMS, DE ISS E DE IPI. BASE CÁLCULO: 0,00   ICMS: 0,00. .  . WWW.FOCUSINFORMATICA.INF.BR   (85)3237-6030|
|0460|29|3263929 REDESPACHO REALIZADO PELA TRANSP OTA TRANSPORTES EIRELI AV ROBERTO GORDON 558 VL NOGUEIRA DIADEMA SP - FRETE POR CONTA DO EMITENTE TAXA FINANCIAMENTO 2.980 N/ORD.VENDA 0000513500 CÓD.CLIENTE 0000111139 N/REMESSA 0081184235 N/FATURA 0091440196 N/PE|
|0460|30|. TRIB APROX R$ 59,66 FED, 32,98 EST  FONTE: IBPT  9OI3AC. . . . .|
|0460|31|MERCADORIA SEGUE EM TRANSPORTE PROPRIO ATE O ENDERECO DA TRANSPORTADORA.|
|0460|32|;;ICMS RETIDO POR SUB TRIB DE ACORDO COM DEC 31.270/2013 OU 24.56997 ART;COM NF-E.NAO ACEITAREMOS DEV DE PRODUTOS CORTADOS OU COMPRADO ERRADO.;530/531 OU DEC 31.066/2012.DEV ATE 3D UTEIS SE AUTO E; - VALOR APROXIMADO DOS TRIBUTOS:;R$478,94 DE TRIBUTOS FED|
|0460|33|EMPRESA OPTANTE PELO SIMPLES NACIONALGARANTIA 12 MESES|
|0460|34|ICMS PAGO POR SUBSTITUICAO TRIBUTARIA CONFORME DECRETO 29.560 DE 11/08.EMPRESA OPTANTE PELO SIMPLES NACIONAL, NAO GERA CREDITO DE ICMS, ISS E IPI - PEDIDO: 67544 / REGINALDO|
|0460|35|. TRIB APROX R$ 76,88 FED, 42,50 EST  FONTE: IBPT  9OI3AC. REFERENTE AO MES DE NOVEMBRO|
|0460|36|NOTA FISCAL AVULSA ELETRÔNICA EMITIDA PELA SECRETARIA DA FAZENDA DO ESTADO DO CEARÁ. CONTRIBUINTE MEI ISENTO DA COBRANÇA DA TAXA DA SEFAZ CONFORME ART 7, INCISO VI, DA LEI N 15.838 DE 27 DE JULHO DE 2015|
|0460|37|MANIFESTO: 67597 PEDIDO: 243914 RCA: 00801 FP: DUPLICATA BANCARIA PZ: 21 DIAS ICMS RETIDO POR SUBST. TRIBUTARIA CF DEC 29.560/2008PROD.ISENTOS DE PIS/COFINS CONF.LEI N.10.147/2000. ICMS RETIDO POR SUBSTIUICAO TRIBUTARIA CONFOME DECRETO 29.560 E REGIME ESP|
|0460|38|DOCUMENTO EMITIDO POR ME OU EPP OPTANTE PELO SIMPLES NACIONAL PERMITE O APROVEITAMENTO DO CREDITO DE ICMS NO VALOR DE R$ 20,24; CORRESPONDENTE A ALIQUOTA DE 3,82% NOS TERMOS DO ART. 23 DA LC 123|
|0460|39|ICMS PAGO POR SUSTITUICAO TRIB CONF DEC N 29560/208 - FONTE IBPT: VR. APROXIMADO DOS TRIBUTOS 248.32 (24.05%) ODILON NETO CD 799702|
|0460|40|PRAZO 30 DIAS -  -ICMS RETIDO POR SUBSTITUICAO TRIBUTARIA, CONFORME DECRETOS 31.270/2013 E RET N 00649/2018 -VOCE PAGOU APROXIMADAMENTE : R$93,45 DE TRIBUTOS FEDERAIS R$96,87 DE TRIBUTOS ESTADUAIS FONTE : IBPT|
|0460|41|-\N"ICMS PAGO ANTERIORMENTE POR SUBSTITUICAO TRIBUTARIA, CONFORME CONVENIO ICMS 110/2007" C019790 84 VALOR APROXIMADO DOS TRIBUTOS: R$ 448.8 (27.2%) ICMS/ST CFME. CONVENIO 110/2007. 00069102 85 ICMS RETIDO POR SUBSTIRUICAO TRIBUTARIA -RICMS/CE R$ 1860.05|
|0460|42|REF. INDSUTRIALIZACAO DE MATERIAL DE SUA PROPRIEDADE#MOIDO.|
|0460|43|RETORNO PARCIAL REFERENTE NF-E, N° 6173 DE 04/10/2018,#EMITIDA POR NOVA PIRAMIDAL THERMOPLASTICS LTDA,#RUA ANA BARRETO, 615, JARDIM JORDAO - JABOTAO DOS GUARARA-PE, CNPJ: 09.220.921/0007-20 QUE ORA RETORNAMOS.#RETORNO DE MATERIA PRIMA#|
|0460|44|;;;;; - VALOR APROXIMADO DOS TRIBUTOS:;R$180,00 DE TRIBUTOS FEDERAIS;R$0,00 DE TRIBUTOS ESTADUAIS. FONTE: IBPT - VENDEDOR: TIAGO BEZERRA|
|0460|45|ICMS RETIDO POR SUSBTITUICAO TRIBUTARIA - DECRETO CE 31.270/2013.PAGTO: 28/56/84 DD  INDICE FINANC.:   1,0320 REPRES: 11012 - HELENO/FFO @ ONU 1263 - TINTA 3   II 154,00 - QUANTIDADE LIMITADADECLARO QUE OS PRODUTOS PERIGOSOS ESTAO ADEQUADAMENTE CLASSIFICA|
|0460|46|ICMS RETIDO POR SUSBTITUICAO TRIBUTARIA - DECRETO CE 31.270/2013.PAGTO: 28/56/84 DD  INDICE FINANC.:   1,0320 REPRES: 11012 - HELENO/FFO @ ONU 1263 - MATERIAL RELACIONADO COM TINTAS 3   II 198,00 - QUANTIDADE LIMITADADECLARO QUE OS PRODUTOS PERIGOSOS ESTA|
|0460|47|DECLARO QUE OS PRODUTOS PERIGOSOS ESTAO ADEQUADAMENTE CLASSIFICADOS, EMBALADOS, IDENTIFICADOS, E ESTIVADOS PARA SUPORTAR OS RISCOS DAS OPERACOES DE TRANSPORTE E QUE ATENDEM AS EXIGENCIAS DA REGULAMENTACAO.ANEXO CERTIFICADO DE ANALISE BOLETO BANCARIO VIA C|
|0460|48|MERCADORIAS CONSTANTE NFE3933 OBS. DEVOLUCAO PARCIAL  TOTAL  REF NF 3933 AVARIA DE 1 GABINETE FORMA CLEAN PTO DEVOLUCAO NEGOCIADA CONF. FORNECEDOR|
|0460|49|REF. INDSUTRIALIZACAO REFERENTE MATERIAL MOIDO.|
|0460|50|DEVOLUCAO PARCIAL REFERENTE NOTA FISCAL 1428.#DEVOLUCAO REFERENTE A MATERIA PRIMA.|
|0460|51|VALOR CREDITO.://END. ENT.:, ,//N PEDIDO.:1349017004 N PED CLIENTE.://ICMS COBRADO ANTERIOMENTE POR ST CONF DECRETO 29.560/2008 DO RICMS/CE|
|0460|52|VALOR APROXIMADO DOS IMPOSTOS 2.141 74 (33 03 )|
|0460|53|CONFORME PEDIDO POR EMAIL.LOTE: 11410 - VALIDADE: 28/03/2019.|
|0460|54|MERCADORIA RECUSADA PELO DESTINATARIO. VALOR APROX. DOS TRIBUTOS: R$ 153,58 FEDERAL, R$ 609,00 ESTADUAL, FONTE: IBPT/EMPRESOMETRO.COM.BR (D529CB).|
|0460|55|PRAZO 30 DIAS -  -ICMS RETIDO POR SUBSTITUICAO TRIBUTARIA, CONFORME DECRETOS 31.270/2013 E RET N 00649/2018 -VOCE PAGOU APROXIMADAMENTE : R$50,08 DE TRIBUTOS FEDERAIS R$53,79 DE TRIBUTOS ESTADUAIS FONTE : IBPT|
|0460|56|DEVOLUCAO REFERENTE A(S) NOTA(S): R-P3644;  , 3644;|
|0460|57|DECLARACAO DE IMPORTACAO DE REMESSA 180004492093 DE 11/12/2018. DESPESAS ACESSORIAS REF A CALCULOS DOS IMPOSTOS R$ 113,66 E TARIFA AEROPORTUARIA DE ARMAZENAMENTO R$ 175,80.  IMPOSTO DE IMPORTACAO DE R$ 4.372,26 CALCULADO NOS TERMOS DO ART. 21 DA  IN 1737/|
|0460|58|OPERACAO SEM DESTAQUE DO ICMS (ART. 591-A DECRETO 24569/97).|
|0460|59|PEDIDO DE COMPRA N 4501830664. VALOR APROX. DOS TRIBUTOS: R$ 677,68 FEDERAL, R$ 2.687,66 ESTADUAL, FONTE: IBPT/EMPRESOMETRO.COM.BR (D529CB).|
|0460|60|FRETE POR CONTA DO EMITENTE NO VALOR DE R$ 200,00 VALOR APROX. DOS TRIBUTOS: R$ 104,36 FEDERAL, R$ 413,93 ESTADUAL, FONTE: IBPT/EMPRESOMETRO.COM.BR (D529CB).|
|0460|61|DEVOLUCAO PARCIAL. VALOR APROX. DOS TRIBUTOS: R$ 25,54 FEDERAL, R$ 13,07 ESTADUAL, FONTE: IBPT/EMPRESOMETRO.COM.BR (D529CB).|
|0460|62|PEDIDO DE COMPRA N 955513. VALOR APROX. DOS TRIBUTOS: R$ 273,00 FEDERAL, R$ 1.820,00 ESTADUAL, FONTE: IBPT/EMPRESOMETRO.COM.BR (D529CB).|
|0460|63|SEM DESTAQUE DO ICMS; (REDACAO DADA PELO AJUSTE SINIEF N 20, DE 09.12.2016 - DOU DE 15.12.2016. REFERENTE A MOSTRUARIO SEM RETORNO. VALOR APROX. DOS TRIBUTOS: R$ 97,63 FEDERAL, R$ 546,00 ESTADUAL, FONTE: IBPT/EMPRESOMETRO.COM.BR (D529CB).|
|0460|64|PEDIDO DE COMPRA N 081878 - OC N 3543.FRETE POR CONTA DO EMITENTE NO VALOR DE R$ 184,71 VALOR APROX. DOS TRIBUTOS: R$ 158,29 FEDERAL, R$ 1.055,24 ESTADUAL, FONTE: IBPT/EMPRESOMETRO.COM.BR (D529CB).|
|0460|65|PEDIDO DE COMPRA N 18090 OC - 072052/1. VALOR APROX. DOS TRIBUTOS: R$ 703,67 FEDERAL, R$ 2.790,71 ESTADUAL, FONTE: IBPT/EMPRESOMETRO.COM.BR (D529CB).|
|0460|66|PEDIDO DE COMPRA N 5252-2018/15. VALOR APROX. DOS TRIBUTOS: R$ 239,07 FEDERAL, R$ 1.593,75 ESTADUAL, FONTE: IBPT/EMPRESOMETRO.COM.BR (D529CB).|
|0460|67|PEDIDO DE MOSTRUARIO. SEM DESTAQUE DO ICMS; (REDACAO DADA PELO AJUSTE SINIEF N 20, DE 09.12.2016 - DOU DE 15.12.2016. REFERENTE A MOSTRUARIO SEM RETORNO. VALOR APROX. DOS TRIBUTOS: R$ 18,15 FEDERAL, R$ 121,01 ESTADUAL, FONTE: IBPT/EMPRESOMETRO.COM.BR (D52|
|0460|68|PEDIDO DE COMPRA N 14676. VALOR APROX. DOS TRIBUTOS: R$ 2.623,75 FEDERAL, R$ 10.255,41 ESTADUAL, FONTE: IBPT/EMPRESOMETRO.COM.BR (D529CB).|
|0460|69|RETORNO REF.NF 193035 03/08/2018. VALOR APROX. DOS TRIBUTOS: R$ 45,10 FEDERAL, R$ 178,88 ESTADUAL, FONTE: IBPT/EMPRESOMETRO.COM.BR (D529CB).|
|0460|70|PEDIDO DE COMPRA N 951761. VALOR APROX. DOS TRIBUTOS: R$ 3.746,37 FEDERAL, R$ 15.580,54 ESTADUAL, FONTE: IBPT/EMPRESOMETRO.COM.BR (D529CB).|
|0460|71|PEDIDO DE COMPRA 1809980. VALOR APROX. DOS TRIBUTOS: R$ 400,64 FEDERAL, R$ 1.588,89 ESTADUAL, FONTE: IBPT/EMPRESOMETRO.COM.BR (D529CB).|
|0460|72|PEDIDO DE COMPRA 5809980. DESTINATARIO ELEITO SUBSTITUTO TRIBUTARIO - CONFORME TERMO DE ACORDO N 2017/18937-0 ART.680, VI DO DECRETO N 21.400/2002 RICMS/SE. VALOR APROX. DOS TRIBUTOS: R$ 2.305,65 FEDERAL, R$ 8.548,85 ESTADUAL, FONTE: IBPT/EMPRESOMETRO.COM|
|0460|73|PEDIDO DE COMPRA 3809980. ICMS ST PAGO NO DESTINO. TERMO DE ACORDO CONFORME DECRETO 7799/2000. VALOR APROX. DOS TRIBUTOS: R$ 1.880,62 FEDERAL, R$ 6.229,46 ESTADUAL, FONTE: IBPT/EMPRESOMETRO.COM.BR (D529CB).|
|0460|74|PEDIDO DE COMPRA N 18081 OC - 21606. VALOR APROX. DOS TRIBUTOS: R$ 352,80 FEDERAL, R$ 2.352,00 ESTADUAL, FONTE: IBPT/EMPRESOMETRO.COM.BR (D529CB).|
|0460|75|PEDIDO DE COMPRA N 18080 OC - 21484. VALOR APROX. DOS TRIBUTOS: R$ 580,97 FEDERAL, R$ 3.873,26 ESTADUAL, FONTE: IBPT/EMPRESOMETRO.COM.BR (D529CB).|
|0460|76|PEDIDO DE COMPRA N 18082 OC - 21606. VALOR APROX. DOS TRIBUTOS: R$ 352,80 FEDERAL, R$ 2.352,00 ESTADUAL, FONTE: IBPT/EMPRESOMETRO.COM.BR (D529CB).|
|0460|77|PEDIDO DE COMPRA N 18083 OC - 21483. VALOR APROX. DOS TRIBUTOS: R$ 613,66 FEDERAL, R$ 4.091,04 ESTADUAL, FONTE: IBPT/EMPRESOMETRO.COM.BR (D529CB).|
|0460|78|PEDIDO DE COMPRA N 18091. VALOR APROX. DOS TRIBUTOS: R$ 238,14 FEDERAL, R$ 1.587,60 ESTADUAL, FONTE: IBPT/EMPRESOMETRO.COM.BR (D529CB).|
|0460|79|PEDIDO DE COMPRA 4809980. VALOR APROX. DOS TRIBUTOS: R$ 583,64 FEDERAL, R$ 2.314,76 ESTADUAL, FONTE: IBPT/EMPRESOMETRO.COM.BR (D529CB).|
|0460|80|PEDIDO DE COMPRA 2809980. VALOR APROX. DOS TRIBUTOS: R$ 1.292,95 FEDERAL, R$ 4.791,60 ESTADUAL, FONTE: IBPT/EMPRESOMETRO.COM.BR (D529CB).|
|0460|81|PEDIDO DE COMPRA N 2809091. VALOR APROX. DOS TRIBUTOS: R$ 846,61 FEDERAL, R$ 2.683,64 ESTADUAL, FONTE: IBPT/EMPRESOMETRO.COM.BR (D529CB).|
|0460|82|PEDIDO DE COMPRA N 4809091. VALOR APROX. DOS TRIBUTOS: R$ 646,94 FEDERAL, R$ 2.221,94 ESTADUAL, FONTE: IBPT/EMPRESOMETRO.COM.BR (D529CB).|
|0460|83|PEDIDO DE COMPRA N 5809091. DESTINATARIO ELEITO SUBSTITUTO TRIBUTARIO - CONFORME TERMO DE ACORDO N 2017/18937-0 ART.680, VI DO DECRETO N 21.400/2002 RICMS/SE. VALOR APROX. DOS TRIBUTOS: R$ 484,22 FEDERAL, R$ 2.637,93 ESTADUAL, FONTE: IBPT/EMPRESOMETRO.COM|
|0460|84|PEDIDO DE COMPRA N 3809091. ICMS ST PAGO NO DESTINO. TERMO DE ACORDO CONFORME DECRETO 7799/2000. VALOR APROX. DOS TRIBUTOS: R$ 2.521,53 FEDERAL, R$ 12.119,31 ESTADUAL, FONTE: IBPT/EMPRESOMETRO.COM.BR (D529CB).|
|0460|85|PEDIDO DE COMPRA N 2018/1212 OC - 32129. VALOR APROX. DOS TRIBUTOS: R$ 935,49 FEDERAL, R$ 4.353,94 ESTADUAL, FONTE: IBPT/EMPRESOMETRO.COM.BR (D529CB).|
|0460|86|PEDIDO DE COMPRA N 2018-1207. VALOR APROX. DOS TRIBUTOS: R$ 329,80 FEDERAL, R$ 1.308,05 ESTADUAL, FONTE: IBPT/EMPRESOMETRO.COM.BR (D529CB).|
|0460|87|PEDIDO DE COMPRA N 2018-12-07. VALOR APROX. DOS TRIBUTOS: R$ 329,80 FEDERAL, R$ 1.308,05 ESTADUAL, FONTE: IBPT/EMPRESOMETRO.COM.BR (D529CB).|
|0460|88|PEDIDO DE COMPRA N 2018-1207 - 03. VALOR APROX. DOS TRIBUTOS: R$ 329,90 FEDERAL, R$ 1.308,42 ESTADUAL, FONTE: IBPT/EMPRESOMETRO.COM.BR (D529CB).|
|0460|89|PEDIDO DE COMPRA N 1407297. VALOR APROX. DOS TRIBUTOS: R$ 47,84 FEDERAL, R$ 318,96 ESTADUAL, FONTE: IBPT/EMPRESOMETRO.COM.BR (D529CB).|
|0460|90|PEDIDO DE BONIFICACAO REFERENTE A ESPACO DE EXPOSICAO. VALOR APROX. DOS TRIBUTOS: R$ 87,10 FEDERAL, R$ 345,44 ESTADUAL, FONTE: IBPT/EMPRESOMETRO.COM.BR (D529CB).|
|0460|91|PEDIDO DE BONIFICACAO N 18085 OC - 21682. VALOR APROX. DOS TRIBUTOS: R$ 193,60 FEDERAL, R$ 1.290,77 ESTADUAL, FONTE: IBPT/EMPRESOMETRO.COM.BR (D529CB).|
|0460|92|PEDIDO DE MOSTRUARIO N 18086 OC - 21711. SEM DESTAQUE DO ICMS; (REDACAO DADA PELO AJUSTE SINIEF N 20, DE 09.12.2016 - DOU DE 15.12.2016. REFERENTE A MOSTRUARIO SEM RETORNO. VALOR APROX. DOS TRIBUTOS: R$ 129,25 FEDERAL, R$ 830,20 ESTADUAL, FONTE: IBPT/EMPR|
|0460|93|PEDIDO DE BONIFICACAO N 18084 OC - 21607. VALOR APROX. DOS TRIBUTOS: R$ 84,71 FEDERAL, R$ 564,72 ESTADUAL, FONTE: IBPT/EMPRESOMETRO.COM.BR (D529CB).|
|0460|94|PEDIDO DE MOSTRUARIO N 18087 OC - 21711. SEM DESTAQUE DO ICMS; (REDACAO DADA PELO AJUSTE SINIEF N 20, DE 09.12.2016 - DOU DE 15.12.2016. REFERENTE A MOSTRUARIO SEM RETORNO. VALOR APROX. DOS TRIBUTOS: R$ 62,68 FEDERAL, R$ 407,40 ESTADUAL, FONTE: IBPT/EMPRE|
|0460|95|PEDIDO DE COMPRA N 1407362. VALOR APROX. DOS TRIBUTOS: R$ 28,80 FEDERAL, R$ 11,99 ESTADUAL, FONTE: IBPT/EMPRESOMETRO.COM.BR (D529CB).|
|0460|96|PEDIDO DE COMPRA N 1409514. VALOR APROX. DOS TRIBUTOS: R$ 707,42 FEDERAL, R$ 2.805,67 ESTADUAL, FONTE: IBPT/EMPRESOMETRO.COM.BR (D529CB).|
|0460|97|PEDIDO DE COMPRA N 1404047. VALOR APROX. DOS TRIBUTOS: R$ 509,25 FEDERAL, R$ 1.982,56 ESTADUAL, FONTE: IBPT/EMPRESOMETRO.COM.BR (D529CB).|
|0460|98|PEDIDO DE COMPRA 1409515. VALOR APROX. DOS TRIBUTOS: R$ 136,83 FEDERAL, R$ 440,42 ESTADUAL, FONTE: IBPT/EMPRESOMETRO.COM.BR (D529CB).|
|0460|99|SEM DESTAQUE DO ICMS; (REDACAO DADA PELO AJUSTE SINIEF N 20, DE 09.12.2016 - DOU DE 15.12.2016. REFERENTE A MOSTRUARIO SEM RETORNO. VALOR APROX. DOS TRIBUTOS: R$ 173,86 FEDERAL, R$ 1.159,03 ESTADUAL, FONTE: IBPT/EMPRESOMETRO.COM.BR (D529CB).|
|0460|100|PEDIDO DE COMPRA N 4500076512-ATENDIDO PARCIALMENTE. VENDA DE MERCADORIA DESTINADA A CONTRIBUINTE COM REGIME DE TRIBUTACAO ESPECIAL CONFORME TERMO DE ACORDO SEFAZ/CE N 629/2013, EM CONFORMIDADE COM O DECRETO 31.270/2013. VALOR APROX. DOS TRIBUTOS: R$ 1.21|
|0460|101|PEDIDO DE COMPRA N 4500076603. VENDA DE MERCADORIA DESTINADA A CONTRIBUINTE COM REGIME DE TRIBUTACAO ESPECIAL CONFORME TERMO DE ACORDO SEFAZ/CE N 629/2013, EM CONFORMIDADE COM O DECRETO 31.270/2013. VALOR APROX. DOS TRIBUTOS: R$ 40,38 FEDERAL, R$ 269,17 E|
|0460|102|PEDIDO DE COMPRA N 1409405. VALOR APROX. DOS TRIBUTOS: R$ 74,92 FEDERAL, R$ 297,11 ESTADUAL, FONTE: IBPT/EMPRESOMETRO.COM.BR (D529CB).|
|0460|103|PEDIDO DE COMPRA N 2018-1214. VALOR APROX. DOS TRIBUTOS: R$ 325,88 FEDERAL, R$ 1.355,54 ESTADUAL, FONTE: IBPT/EMPRESOMETRO.COM.BR (D529CB).|
|0460|104|EXPOSITOR DIFERENCIADO ( GABINETE- ILHA). SEM DESTAQUE DO ICMS; (REDACAO DADA PELO AJUSTE SINIEF N 20, DE 09.12.2016 - DOU DE 15.12.2016. REFERENTE A MOSTRUARIO SEM RETORNO. VALOR APROX. DOS TRIBUTOS: R$ 15,53 FEDERAL, R$ 61,60 ESTADUAL, FONTE: IBPT/EMPRE|
|0460|105|PEDIDO DE COMPRA N 4501756908. VALOR APROX. DOS TRIBUTOS: R$ 51,33 FEDERAL, R$ 203,57 ESTADUAL, FONTE: IBPT/EMPRESOMETRO.COM.BR (D529CB).|
|0460|106|SEM DESTAQUE DO ICMS; (REDACAO DADA PELO AJUSTE SINIEF N 20, DE 09.12.2016 - DOU DE 15.12.2016. REFERENTE A MOSTRUARIO SEM RETORNO. VALOR APROX. DOS TRIBUTOS: R$ 119,75 FEDERAL, R$ 798,53 ESTADUAL, FONTE: IBPT/EMPRESOMETRO.COM.BR (D529CB).|
|0460|107|PEDIDO DE COMPRA N 19517. VALOR APROX. DOS TRIBUTOS: R$ 281,48 FEDERAL, R$ 1.876,56 ESTADUAL, FONTE: IBPT/EMPRESOMETRO.COM.BR (D529CB).|
|0460|108|PAGAMENTO ANTECIPADO. VALOR APROX. DOS TRIBUTOS: R$ 18,15 FEDERAL, R$ 121,01 ESTADUAL, FONTE: IBPT/EMPRESOMETRO.COM.BR (D529CB).|
|0460|109|PEDIDO DE COMPRA N 4501803908. VALOR APROX. DOS TRIBUTOS: R$ 1.432,39 FEDERAL, R$ 9.066,54 ESTADUAL, FONTE: IBPT/EMPRESOMETRO.COM.BR (D529CB).|
|0460|110|PEDIDO DE COMPRA N 530.FRETE POR CONTA DO EMITENTE NO VALOR DE R$ 470,59 VALOR APROX. DOS TRIBUTOS: R$ 255,06 FEDERAL, R$ 1.700,38 ESTADUAL, FONTE: IBPT/EMPRESOMETRO.COM.BR (D529CB).|
|0460|111|PEDIDO DE BONIFICACAO REFERENTE A CAMPANHA DE VENDAS 530.FRETE POR CONTA DO EMITENTE NO VALOR DE R$ 26,71 VALOR APROX. DOS TRIBUTOS: R$ 13,79 FEDERAL, R$ 91,91 ESTADUAL, FONTE: IBPT/EMPRESOMETRO.COM.BR (D529CB).|
|0460|112|PEDIDO DE COMPRA N 531.FRETE POR CONTA DO EMITENTE NO VALOR DE R$ 317,00 VALOR APROX. DOS TRIBUTOS: R$ 172,33 FEDERAL, R$ 1.148,91 ESTADUAL, FONTE: IBPT/EMPRESOMETRO.COM.BR (D529CB).|
|0460|113|BONIFICACAO REFERENTE CAMPANHA DE VENDAS 531.FRETE POR CONTA DO EMITENTE NO VALOR DE R$ 13,35 VALOR APROX. DOS TRIBUTOS: R$ 6,89 FEDERAL, R$ 45,96 ESTADUAL, FONTE: IBPT/EMPRESOMETRO.COM.BR (D529CB).|
|0460|114|PEDIDO DE COMPRA N 1409468.FRETE POR CONTA DO EMITENTE NO VALOR DE R$ 181,18 VALOR APROX. DOS TRIBUTOS: R$ 157,62 FEDERAL, R$ 510,78 ESTADUAL, FONTE: IBPT/EMPRESOMETRO.COM.BR (D529CB).|
|0460|115|PEDIDO DE COMPRA N 1406655.FRETE POR CONTA DO EMITENTE NO VALOR DE R$ 30,05 VALOR APROX. DOS TRIBUTOS: R$ 26,08 FEDERAL, R$ 103,42 ESTADUAL, FONTE: IBPT/EMPRESOMETRO.COM.BR (D529CB).|
|0460|116|PEDIDO DE COMPRA N 1407375.FRETE POR CONTA DO EMITENTE NO VALOR DE R$ 16,59 VALOR APROX. DOS TRIBUTOS: R$ 28,80 FEDERAL, R$ 11,99 ESTADUAL, FONTE: IBPT/EMPRESOMETRO.COM.BR (D529CB).|
|0460|117|PEDIDO DE COMPRA N 1409491.FRETE POR CONTA DO EMITENTE NO VALOR DE R$ 219,45 VALOR APROX. DOS TRIBUTOS: R$ 176,15 FEDERAL, R$ 762,74 ESTADUAL, FONTE: IBPT/EMPRESOMETRO.COM.BR (D529CB).|
|0460|118|PEDIDO DE COMPRA N 1406960. VALOR APROX. DOS TRIBUTOS: R$ 153,90 FEDERAL, R$ 486,00 ESTADUAL, FONTE: IBPT/EMPRESOMETRO.COM.BR (D529CB).|
|0460|119|PEDIDO DE COMPRA 1409550. VALOR APROX. DOS TRIBUTOS: R$ 57,60 FEDERAL, R$ 23,98 ESTADUAL, FONTE: IBPT/EMPRESOMETRO.COM.BR (D529CB).|
|0460|120|PEDIDO DE COMPRA 1409494.FRETE POR CONTA DO EMITENTE NO VALOR DE R$ 16,59 VALOR APROX. DOS TRIBUTOS: R$ 28,80 FEDERAL, R$ 11,99 ESTADUAL, FONTE: IBPT/EMPRESOMETRO.COM.BR (D529CB).|
|0460|121|PEDIDO DE COMPRA N 4500076712. VENDA DE MERCADORIA DESTINADA A CONTRIBUINTE COM REGIME DE TRIBUTACAO ESPECIAL CONFORME TERMO DE ACORDO SEFAZ/CE N 629/2013, EM CONFORMIDADE COM O DECRETO 31.270/2013. VALOR APROX. DOS TRIBUTOS: R$ 70,56 FEDERAL, R$ 470,40 E|
|0460|122|PEDIDO DE COMPRA N 1407365. VALOR APROX. DOS TRIBUTOS: R$ 101,72 FEDERAL, R$ 318,16 ESTADUAL, FONTE: IBPT/EMPRESOMETRO.COM.BR (D529CB).|
|0460|123|PEDIDO DE COMPRA N 1406945. VALOR APROX. DOS TRIBUTOS: R$ 107,55 FEDERAL, R$ 717,02 ESTADUAL, FONTE: IBPT/EMPRESOMETRO.COM.BR (D529CB).|
|0460|124|PEDIDO DE COMPRA 1409406. VALOR APROX. DOS TRIBUTOS: R$ 383,00 FEDERAL, R$ 1.106,65 ESTADUAL, FONTE: IBPT/EMPRESOMETRO.COM.BR (D529CB).|
|0460|125|PEDIDO DE COMPRA N 1404079. VALOR APROX. DOS TRIBUTOS: R$ 169,32 FEDERAL, R$ 558,18 ESTADUAL, FONTE: IBPT/EMPRESOMETRO.COM.BR (D529CB).|
|0460|126|PEDIDO DE COMPRA 1409462. VALOR APROX. DOS TRIBUTOS: R$ 268,99 FEDERAL, R$ 616,38 ESTADUAL, FONTE: IBPT/EMPRESOMETRO.COM.BR (D529CB).|
|0460|127|PEDIDO DE COMPRA N 9777. VALOR APROX. DOS TRIBUTOS: R$ 335,47 FEDERAL, R$ 2.236,51 ESTADUAL, FONTE: IBPT/EMPRESOMETRO.COM.BR (D529CB).|
|0460|128|PEDIDO DE COMPRA N 9815. VALOR APROX. DOS TRIBUTOS: R$ 102,99 FEDERAL, R$ 408,47 ESTADUAL, FONTE: IBPT/EMPRESOMETRO.COM.BR (D529CB).|
|0460|129|PEDIDO DE COMPRA N 4501921124. VALOR APROX. DOS TRIBUTOS: R$ 222,26 FEDERAL, R$ 1.481,76 ESTADUAL, FONTE: IBPT/EMPRESOMETRO.COM.BR (D529CB).|
|0460|130|PEDIDO DE COMPRA N 4501863570. MERCADORIA COM REDESPACHO PELA EMPRESA -LEROY MERLIN COMPANHIA BRASILEIRA DE BRICOLAGEM CNPJ 01.438.784/0041-94 /I.E 241.040.115.114 ENDERECO DE ENTREGA : RODOVIA ANHANGUERA KM 38 - BAIRRO DISTRITO J CEP 07.789-100 GALPAO 07|
|0460|131|PEDIDO DE COMPRA N 4501857788. MERCADORIA COM REDESPACHO PELA EMPRESA -LEROY MERLIN COMPANHIA BRASILEIRA DE BRICOLAGEM CNPJ 01.438.784/0041-94 /I.E 241.040.115.114 ENDERECO DE ENTREGA : RODOVIA ANHANGUERA KM 38 - BAIRRO DISTRITO J CEP 07.789-100 GALPAO 07|
|0460|132|PEDIDO DE COMPRA N 4501939834. MERCADORIA COM REDESPACHO PELA EMPRESA -LEROY MERLIN COMPANHIA BRASILEIRA DE BRICOLAGEM CNPJ 01.438.784/0041-94 /I.E 241.040.115.114 ENDERECO DE ENTREGA : RODOVIA ANHANGUERA KM 38 - BAIRRO DISTRITO J CEP 07.789-100 GALPAO 07|
|0460|133|PEDIDO DE COMPRA N 4501865510. VALOR APROX. DOS TRIBUTOS: R$ 251,90 FEDERAL, R$ 1.679,33 ESTADUAL, FONTE: IBPT/EMPRESOMETRO.COM.BR (D529CB).|
|0460|134|PEDIDO DE COMPRA N 4501830491. MERCADORIA COM REDESPACHO PELA EMPRESA -LEROY MERLIN COMPANHIA BRASILEIRA DE BRICOLAGEM CNPJ 01.438.784/0041-94 /I.E 241.040.115.114 ENDERECO DE ENTREGA : RODOVIA ANHANGUERA KM 38 - BAIRRO DISTRITO J CEP 07.789-100 GALPAO 07|
|0460|135|PEDIDO DE MOSTRUARIO. SEM DESTAQUE DO ICMS; (REDACAO DADA PELO AJUSTE SINIEF N 20, DE 09.12.2016 - DOU DE 15.12.2016. REFERENTE A MOSTRUARIO SEM RETORNO. MERCADORIA COM REDESPACHO PELA EMPRESA -LEROY MERLIN COMPANHIA BRASILEIRA DE BRICOLAGEM CNPJ 01.438.7|
|0460|136|SEM DESTAQUE DO ICMS; (REDACAO DADA PELO AJUSTE SINIEF N 20, DE 09.12.2016 - DOU DE 15.12.2016. REFERENTE A MOSTRUARIO SEM RETORNO. MERCADORIA COM REDESPACHO PELA EMPRESA -LEROY MERLIN COMPANHIA BRASILEIRA DE BRICOLAGEM CNPJ 01.438.784/0041-94 /I.E 241.04|
|0460|137|PEDIDOS DE BONIFICACAO N 4501865371. MERCADORIA COM REDESPACHO PELA EMPRESA -LEROY MERLIN COMPANHIA BRASILEIRA DE BRICOLAGEM CNPJ 01.438.784/0041-94 /I.E 241.040.115.114 ENDERECO DE ENTREGA : RODOVIA ANHANGUERA KM 38 - BAIRRO DISTRITO J CEP 07.789-100 GAL|
|0460|138|PEDIDO DE COMPRA N 1407109. ENDERECO DE ENTREGA : ESTRADA MUNICIPAL MINEKO ITO S/N AREA A, REM, MD 4, GALPAO 1 LOG BUSINESS PARK - BAIRRO : LOTEAMENTO INDUSTRIAL NOVA VENEZA MUNICIPIO: SUMARE /SP CEP: 13178540 (62) 9648-4100/ (19) 99986-8039. VALOR APROX.|
|0460|139|PEDIDO DE COMPRA N 1409394. ENDERECO DE ENTREGA : ESTRADA MUNICIPAL MINEKO ITO S/N AREA A, REM, MD 4, GALPAO 1 LOG BUSINESS PARK - BAIRRO : LOTEAMENTO INDUSTRIAL NOVA VENEZA MUNICIPIO: SUMARE /SP CEP: 13178540 (62) 9648-4100/ (19) 99986-8039. VALOR APROX.|
|0460|140|PEDIDO DE COMPRA N 1409534. ENDERECO DE ENTREGA : ESTRADA MUNICIPAL MINEKO ITO S/N AREA A, REM, MD 4, GALPAO 1 LOG BUSINESS PARK - BAIRRO : LOTEAMENTO INDUSTRIAL NOVA VENEZA MUNICIPIO: SUMARE /SP CEP: 13178540 (62) 9648-4100/ (19) 99986-8039. VALOR APROX.|
|0460|141|PEDIDO DE COMPRA N 1409454. ENDERECO DE ENTREGA : ESTRADA MUNICIPAL MINEKO ITO S/N AREA A, REM, MD 4, GALPAO 1 LOG BUSINESS PARK - BAIRRO : LOTEAMENTO INDUSTRIAL NOVA VENEZA MUNICIPIO: SUMARE /SP CEP: 13178540 (62) 9648-4100/ (19) 99986-8039. VALOR APROX.|
|0460|142|PEDIDO DE COMPRA N 1404006. ENDERECO DE ENTREGA : ESTRADA MUNICIPAL MINEKO ITO S/N AREA A, REM, MD 4, GALPAO 1 LOG BUSINESS PARK - BAIRRO : LOTEAMENTO INDUSTRIAL NOVA VENEZA MUNICIPIO: SUMARE /SP CEP: 13178540 (62) 9648-4100/ (19) 99986-8039. VALOR APROX.|
|0460|143|PEDIDO DE COMPRA 1409435. ENDERECO DE ENTREGA : ESTRADA MUNICIPAL MINEKO ITO S/N AREA A, REM, MD 4, GALPAO 1 LOG BUSINESS PARK - BAIRRO : LOTEAMENTO INDUSTRIAL NOVA VENEZA MUNICIPIO: SUMARE /SP CEP: 13178540 (62) 9648-4100/ (19) 99986-8039. VALOR APROX. D|
|0460|144|PEDIDO DE COMPRA N 1406830. ENDERECO DE ENTREGA : ESTRADA MUNICIPAL MINEKO ITO S/N AREA A, REM, MD 4, GALPAO 1 LOG BUSINESS PARK - BAIRRO : LOTEAMENTO INDUSTRIAL NOVA VENEZA MUNICIPIO: SUMARE /SP CEP: 13178540 (62) 9648-4100/ (19) 99986-8039. VALOR APROX.|
|0460|145|PEDIDO DE COMPRA N 1409529. ENDERECO DE ENTREGA : ESTRADA MUNICIPAL MINEKO ITO S/N AREA A, REM, MD 4, GALPAO 1 LOG BUSINESS PARK - BAIRRO : LOTEAMENTO INDUSTRIAL NOVA VENEZA MUNICIPIO: SUMARE /SP CEP: 13178540 (62) 9648-4100/ (19) 99986-8039. VALOR APROX.|
|0460|146|PEDIDO DE COMPRA N 1403999. ENDERECO DE ENTREGA : ESTRADA MUNICIPAL MINEKO ITO S/N AREA A, REM, MD 4, GALPAO 1 LOG BUSINESS PARK - BAIRRO : LOTEAMENTO INDUSTRIAL NOVA VENEZA MUNICIPIO: SUMARE /SP CEP: 13178540 (62) 9648-4100/ (19) 99986-8039. VALOR APROX.|
|0460|147|PEDIDO DE COMPRA N 1406980. ENDERECO DE ENTREGA : ESTRADA MUNICIPAL MINEKO ITO S/N AREA A, REM, MD 4, GALPAO 1 LOG BUSINESS PARK - BAIRRO : LOTEAMENTO INDUSTRIAL NOVA VENEZA MUNICIPIO: SUMARE /SP CEP: 13178540 (62) 9648-4100/ (19) 99986-8039. VALOR APROX.|
|0460|148|PEDIDO DE COMPRA N 1407033. ENDERECO DE ENTREGA : ESTRADA MUNICIPAL MINEKO ITO S/N AREA A, REM, MD 4, GALPAO 1 LOG BUSINESS PARK - BAIRRO : LOTEAMENTO INDUSTRIAL NOVA VENEZA MUNICIPIO: SUMARE /SP CEP: 13178540 (62) 9648-4100/ (19) 99986-8039. VALOR APROX.|
|0460|149|PEDIDO DE COMPRA 1409520. ENDERECO DE ENTREGA : ESTRADA MUNICIPAL MINEKO ITO S/N AREA A, REM, MD 4, GALPAO 1 LOG BUSINESS PARK - BAIRRO : LOTEAMENTO INDUSTRIAL NOVA VENEZA MUNICIPIO: SUMARE /SP CEP: 13178540 (62) 9648-4100/ (19) 99986-8039. VALOR APROX. D|
|0460|150|PEDIDO DE COMPRA N 1407037. ENDERECO DE ENTREGA : ESTRADA MUNICIPAL MINEKO ITO S/N AREA A, REM, MD 4, GALPAO 1 LOG BUSINESS PARK - BAIRRO : LOTEAMENTO INDUSTRIAL NOVA VENEZA MUNICIPIO: SUMARE /SP CEP: 13178540 (62) 9648-4100/ (19) 99986-8039. VALOR APROX.|
|0460|151|PEDIDO DE COMPRA 1409556. ENDERECO DE ENTREGA : ESTRADA MUNICIPAL MINEKO ITO S/N AREA A, REM, MD 4, GALPAO 1 LOG BUSINESS PARK - BAIRRO : LOTEAMENTO INDUSTRIAL NOVA VENEZA MUNICIPIO: SUMARE /SP CEP: 13178540 (62) 9648-4100/ (19) 99986-8039. VALOR APROX. D|
|0460|152|PEDIDO 1409528. VALOR APROX. DOS TRIBUTOS: R$ 81,70 FEDERAL, R$ 184,67 ESTADUAL, FONTE: IBPT/EMPRESOMETRO.COM.BR (D529CB).|
|0460|153|PEDIDO DE COMPRA N 1409552. ENDERECO DE ENTREGA : ESTRADA MUNICIPAL MINEKO ITO S/N AREA A, REM, MD 4, GALPAO 1 LOG BUSINESS PARK - BAIRRO : LOTEAMENTO INDUSTRIAL NOVA VENEZA MUNICIPIO: SUMARE /SP CEP: 13178540 (62) 9648-4100/ (19) 99986-8039. VALOR APROX.|
|0460|154|PEDIDO DE COMPRA N 1403325. ENDERECO DE ENTREGA : ESTRADA MUNICIPAL MINEKO ITO S/N AREA A, REM, MD 4, GALPAO 1 LOG BUSINESS PARK - BAIRRO : LOTEAMENTO INDUSTRIAL NOVA VENEZA MUNICIPIO: SUMARE /SP CEP: 13178540 (62) 9648-4100/ (19) 99986-8039. VALOR APROX.|
|0460|155|PEDIDO DE COMPRA N 1406885. ENDERECO DE ENTREGA : ESTRADA MUNICIPAL MINEKO ITO S/N AREA A, REM, MD 4, GALPAO 1 LOG BUSINESS PARK - BAIRRO : LOTEAMENTO INDUSTRIAL NOVA VENEZA MUNICIPIO: SUMARE /SP CEP: 13178540 (62) 9648-4100/ (19) 99986-8039. VALOR APROX.|
|0460|156|PEDIDO DE COMPRA N 4501937440. ENDERECO DE ENTREGA : ESTRADA MUNICIPAL MINEKO ITO S/N AREA A, REM, MD 4, GALPAO 1 LOG BUSINESS PARK - BAIRRO : LOTEAMENTO INDUSTRIAL NOVA VENEZA MUNICIPIO: SUMARE /SP CEP: 13178540 (62) 9648-4100/ (19) 99986-8039. VALOR APR|
|0460|157|PEDIDO DE COMPRA N 10400. VALOR APROX. DOS TRIBUTOS: R$ 603,71 FEDERAL, R$ 2.394,37 ESTADUAL, FONTE: IBPT/EMPRESOMETRO.COM.BR (D529CB).|
|0460|158|PEDIDO DE COMPRA N 953417. VALOR APROX. DOS TRIBUTOS: R$ 4.358,35 FEDERAL, R$ 25.952,93 ESTADUAL, FONTE: IBPT/EMPRESOMETRO.COM.BR (D529CB).|
|0460|159|PEDIDO DE COMPRA N 4500076811. VENDA DE MERCADORIA DESTINADA A CONTRIBUINTE COM REGIME DE TRIBUTACAO ESPECIAL CONFORME TERMO DE ACORDO SEFAZ/CE N 629/2013, EM CONFORMIDADE COM O DECRETO 31.270/2013. VALOR APROX. DOS TRIBUTOS: R$ 30,24 FEDERAL, R$ 201,60 E|
|0460|160|PEDIDO DE COMPRA N 4500076512- SALDO. VENDA DE MERCADORIA DESTINADA A CONTRIBUINTE COM REGIME DE TRIBUTACAO ESPECIAL CONFORME TERMO DE ACORDO SEFAZ/CE N 629/2013, EM CONFORMIDADE COM O DECRETO 31.270/2013. VALOR APROX. DOS TRIBUTOS: R$ 3.062,29 FEDERAL, R|
|0460|161|PED.BONIFICACAO 4500075519 - REFERENTE VERBAS JUL/SET/OUT 2018. VALOR APROX. DOS TRIBUTOS: R$ 499,63 FEDERAL, R$ 3.330,84 ESTADUAL, FONTE: IBPT/EMPRESOMETRO.COM.BR (D529CB).|
|0460|162|PEDIDO DE BONIFICACAO 4500072872 - REFERENTE VERBA DE ANIVERSARIO 2018. VALOR APROX. DOS TRIBUTOS: R$ 130,58 FEDERAL, R$ 870,56 ESTADUAL, FONTE: IBPT/EMPRESOMETRO.COM.BR (D529CB).|
|0460|163|PEDIDO DE BONIFICACAO 4500073310 - REFERENTE VERBAS DE AGOSTO/18. VALOR APROX. DOS TRIBUTOS: R$ 68,13 FEDERAL, R$ 454,20 ESTADUAL, FONTE: IBPT/EMPRESOMETRO.COM.BR (D529CB).|
|0460|164|PEDIDO DE COMPRA N 5253-2019-15. VALOR APROX. DOS TRIBUTOS: R$ 870,02 FEDERAL, R$ 3.450,60 ESTADUAL, FONTE: IBPT/EMPRESOMETRO.COM.BR (D529CB).|
|0460|165|PEDIDO DE COMPRA N 5255-2019-15. VALOR APROX. DOS TRIBUTOS: R$ 50,32 FEDERAL, R$ 335,44 ESTADUAL, FONTE: IBPT/EMPRESOMETRO.COM.BR (D529CB).|
|0460|166|PEDIDO DE MOSTRUARIO. SEM DESTAQUE DO ICMS; (REDACAO DADA PELO AJUSTE SINIEF N 20, DE 09.12.2016 - DOU DE 15.12.2016. REFERENTE A MOSTRUARIO SEM RETORNO. VALOR APROX. DOS TRIBUTOS: R$ 5,03 FEDERAL, R$ 33,54 ESTADUAL, FONTE: IBPT/EMPRESOMETRO.COM.BR (D529C|
|0460|167|PEDIDO DE COMPRA N 1411682. VALOR APROX. DOS TRIBUTOS: R$ 336,38 FEDERAL, R$ 1.129,61 ESTADUAL, FONTE: IBPT/EMPRESOMETRO.COM.BR (D529CB).|
|0460|168|PEDIDO DE COMPRA N 1411681. VALOR APROX. DOS TRIBUTOS: R$ 428,55 FEDERAL, R$ 1.495,18 ESTADUAL, FONTE: IBPT/EMPRESOMETRO.COM.BR (D529CB).|
|0460|169|PEDIDO DE COMPRA. VALOR APROX. DOS TRIBUTOS: R$ 121,31 FEDERAL, R$ 481,04 ESTADUAL, FONTE: IBPT/EMPRESOMETRO.COM.BR (D529CB).|
|0460|170|PEDIDO DE COMPRA N 4501894634. MERCADORIA COM REDESPACHO PELA EMPRESA -LEROY MERLIN COMPANHIA BRASILEIRA DE BRICOLAGEM CNPJ 01.438.784/0041-94 /I.E 241.040.115.114 ENDERECO DE ENTREGA : RODOVIA ANHANGUERA KM 38 - BAIRRO DISTRITO J CEP 07.789-100 GALPAO 07|
|0460|171|PEDIDO DE COMPRA N 4501894228. MERCADORIA COM REDESPACHO PELA EMPRESA -LEROY MERLIN COMPANHIA BRASILEIRA DE BRICOLAGEM CNPJ 01.438.784/0041-94 /I.E 241.040.115.114 ENDERECO DE ENTREGA : RODOVIA ANHANGUERA KM 38 - BAIRRO DISTRITO J CEP 07.789-100 GALPAO 07|
|0460|172|PEDIDO DE COMPRA N 4501894807. MERCADORIA COM REDESPACHO PELA EMPRESA -LEROY MERLIN COMPANHIA BRASILEIRA DE BRICOLAGEM CNPJ 01.438.784/0041-94 /I.E 241.040.115.114 ENDERECO DE ENTREGA : RODOVIA ANHANGUERA KM 38 - BAIRRO DISTRITO J CEP 07.789-100 GALPAO 07|
|0460|173|PEDIDO DE COMPRA N 4501894818. MERCADORIA COM REDESPACHO PELA EMPRESA -LEROY MERLIN COMPANHIA BRASILEIRA DE BRICOLAGEM CNPJ 01.438.784/0041-94 /I.E 241.040.115.114 ENDERECO DE ENTREGA : RODOVIA ANHANGUERA KM 38 - BAIRRO DISTRITO J CEP 07.789-100 GALPAO 07|
|0460|174|EMBALAGENS DE SUA PROPRIEDADE QUE SEGUEM EM DEVOLUCAO. ISENTO DO ICMS CONFORME ART 6 § I DEC 24569/97. VALOR APROX. DOS TRIBUTOS: R$ 113,40 FEDERAL, R$ 33,60 ESTADUAL, FONTE: IBPT/EMPRESOMETRO.COM.BR (D529CB).|
|0460|175|EMBALAGENS DE SUA PROPRIEDADE QUE SEGUEM EM DEVOLUCAO. ISENTO DO ICMS CONFORME ART 6 § I DEC 24569/97. VALOR APROX. DOS TRIBUTOS: R$ 267,95 FEDERAL, R$ 925,12 ESTADUAL, FONTE: IBPT/EMPRESOMETRO.COM.BR (D529CB).|
|0460|176|EMBALAGENS DE SUA PROPRIEDADE QUE SEGUEM EM DEVOLUCAO. ISENTO DO ICMS CONFORME ART 6 § I DEC 24569/97. VALOR APROX. DOS TRIBUTOS: R$ 344,51 FEDERAL, R$ 1.189,44 ESTADUAL, FONTE: IBPT/EMPRESOMETRO.COM.BR (D529CB).|
|0460|177|PEDIDO DE COMPRA N 1409445. VALOR APROX. DOS TRIBUTOS: R$ 1.171,07 FEDERAL, R$ 5.565,91 ESTADUAL, FONTE: IBPT/EMPRESOMETRO.COM.BR (D529CB).|
|0460|178|PEDIDO DE COMPRA N 1407356. VALOR APROX. DOS TRIBUTOS: R$ 344,04 FEDERAL, R$ 1.033,54 ESTADUAL, FONTE: IBPT/EMPRESOMETRO.COM.BR (D529CB).|
|0460|179|PEDIDO DE COMPRA N 1404099. VALOR APROX. DOS TRIBUTOS: R$ 183,21 FEDERAL, R$ 918,92 ESTADUAL, FONTE: IBPT/EMPRESOMETRO.COM.BR (D529CB).|
|0460|180|PEDIDO DE COMPRA N 1409540. VALOR APROX. DOS TRIBUTOS: R$ 427,90 FEDERAL, R$ 2.174,87 ESTADUAL, FONTE: IBPT/EMPRESOMETRO.COM.BR (D529CB).|
|0460|181|PEDIDO DE COMPRA N 1406995. VALOR APROX. DOS TRIBUTOS: R$ 353,33 FEDERAL, R$ 1.635,47 ESTADUAL, FONTE: IBPT/EMPRESOMETRO.COM.BR (D529CB).|
|0460|182|PEDIDO DE COMPRA N 1411690. VALOR APROX. DOS TRIBUTOS: R$ 74,13 FEDERAL, R$ 293,99 ESTADUAL, FONTE: IBPT/EMPRESOMETRO.COM.BR (D529CB).|
|0460|183|PEDIDO DE COMPRA 1409485. VALOR APROX. DOS TRIBUTOS: R$ 214,71 FEDERAL, R$ 877,51 ESTADUAL, FONTE: IBPT/EMPRESOMETRO.COM.BR (D529CB).|
|0460|184|PEDIDO DE COMPRA N 1404044. VALOR APROX. DOS TRIBUTOS: R$ 78,39 FEDERAL, R$ 375,02 ESTADUAL, FONTE: IBPT/EMPRESOMETRO.COM.BR (D529CB).|
|0460|185|PEDIDO DE COMPRA N 2019-01-09. VALOR APROX. DOS TRIBUTOS: R$ 265,50 FEDERAL, R$ 1.053,03 ESTADUAL, FONTE: IBPT/EMPRESOMETRO.COM.BR (D529CB).|
|0460|186|PEDIDO DE COMPRA N 2019-0109. VALOR APROX. DOS TRIBUTOS: R$ 277,64 FEDERAL, R$ 1.101,16 ESTADUAL, FONTE: IBPT/EMPRESOMETRO.COM.BR (D529CB).|
|0460|187|PEDIDO DE COMPRA N 19644. VALOR APROX. DOS TRIBUTOS: R$ 436,97 FEDERAL, R$ 2.913,12 ESTADUAL, FONTE: IBPT/EMPRESOMETRO.COM.BR (D529CB).|
|0460|188|PEDIDO DE BONIFICACAO REPOSICAO DE ESTOQUE REFERENTE A MOSTRUARIO. VALOR APROX. DOS TRIBUTOS: R$ 57,55 FEDERAL, R$ 383,56 ESTADUAL, FONTE: IBPT/EMPRESOMETRO.COM.BR (D529CB).|
|0460|189|PEDIDO DE COMPRA N 082190 - OC N 71720. VALOR APROX. DOS TRIBUTOS: R$ 1.701,26 FEDERAL, R$ 11.341,72 ESTADUAL, FONTE: IBPT/EMPRESOMETRO.COM.BR (D529CB).|
|0460|190|PEDIDO DE COMPRA N 082146 - OC N 21717. VALOR APROX. DOS TRIBUTOS: R$ 1.009,84 FEDERAL, R$ 6.732,44 ESTADUAL, FONTE: IBPT/EMPRESOMETRO.COM.BR (D529CB).|
|0460|191|PEDIDO DE COMPRA N 1411678. VALOR APROX. DOS TRIBUTOS: R$ 170,09 FEDERAL, R$ 515,97 ESTADUAL, FONTE: IBPT/EMPRESOMETRO.COM.BR (D529CB).|
|0460|192|PEDIDO DE COMPRA N 1411412. VALOR APROX. DOS TRIBUTOS: R$ 53,75 FEDERAL, R$ 278,28 ESTADUAL, FONTE: IBPT/EMPRESOMETRO.COM.BR (D529CB).|
|0460|193|PEDIDO DE COMPRA N 1409481. VALOR APROX. DOS TRIBUTOS: R$ 86,22 FEDERAL, R$ 341,91 ESTADUAL, FONTE: IBPT/EMPRESOMETRO.COM.BR (D529CB).|
|0460|194|PEDIDO DE COMPRA N 1406843. VALOR APROX. DOS TRIBUTOS: R$ 57,60 FEDERAL, R$ 23,98 ESTADUAL, FONTE: IBPT/EMPRESOMETRO.COM.BR (D529CB).|
|0460|195|PEDIDO DE COMPRA N 1407282. VALOR APROX. DOS TRIBUTOS: R$ 105,44 FEDERAL, R$ 342,94 ESTADUAL, FONTE: IBPT/EMPRESOMETRO.COM.BR (D529CB).|
|0460|196|PEDIDO DE COMPRA 1409455. VALOR APROX. DOS TRIBUTOS: R$ 117,27 FEDERAL, R$ 465,06 ESTADUAL, FONTE: IBPT/EMPRESOMETRO.COM.BR (D529CB).|
|0460|197|SEM DESTAQUE DO ICMS; (REDACAO DADA PELO AJUSTE SINIEF N 20, DE 09.12.2016 - DOU DE 15.12.2016. REFERENTE A MOSTRUARIO SEM RETORNO. VALOR APROX. DOS TRIBUTOS: R$ 27,53 FEDERAL, R$ 109,20 ESTADUAL, FONTE: IBPT/EMPRESOMETRO.COM.BR (D529CB).|
|0460|198|ENDERECO DE ENTREGA AV HENRIQUE MOSCOSO 1485 BAIRRO: CENTRO CIDADE: VILA VELHA/ES CEP:29.100-021. SEM DESTAQUE DO ICMS; (REDACAO DADA PELO AJUSTE SINIEF N 20, DE 09.12.2016 - DOU DE 15.12.2016. REFERENTE A MOSTRUARIO SEM RETORNO. VALOR APROX. DOS TRIBUTOS|
|0460|199|MOSTRUARIO : REPRESENTANTE DEDE. VALOR APROX. DOS TRIBUTOS: R$ 86,31 FEDERAL, R$ 312,27 ESTADUAL, FONTE: IBPT/EMPRESOMETRO.COM.BR (D529CB).|
|0460|200|PEDIDO DE COMPRA N 5254-2019-15.|
|0460|201|PEDIDO DE MOSTRUARIO. SEM DESTAQUE DO ICMS; (REDACAO DADA PELO AJUSTE SINIEF N 20, DE 09.12.2016 - DOU DE 15.12.2016. REFERENTE A MOSTRUARIO SEM RETORNO.|
|0460|202|PEDIDO DE COMPRA N 5257-2019/15.|
|0460|203|PEDIDO DE COMPRA N 9682. VALOR APROX. DOS TRIBUTOS: R$ 229,75 FEDERAL, R$ 911,09 ESTADUAL, FONTE: IBPT/EMPRESOMETRO.COM.BR (801EC4).|
|0460|204|PEDIDO DE MOSTRUARIO N 9683. SEM DESTAQUE DO ICMS; (REDACAO DADA PELO AJUSTE SINIEF N 20, DE 09.12.2016 - DOU DE 15.12.2016. REFERENTE A MOSTRUARIO SEM RETORNO. VALOR APROX. DOS TRIBUTOS: R$ 11,05 FEDERAL, R$ 43,82 ESTADUAL, FONTE: IBPT/EMPRESOMETRO.COM.B|
|0460|205|PEDIDO DE COMPRA N 9847. VALOR APROX. DOS TRIBUTOS: R$ 102,54 FEDERAL, R$ 438,99 ESTADUAL, FONTE: IBPT/EMPRESOMETRO.COM.BR (801EC4).|
|0460|206|PEDIDO DE COMPRA N 9848. SEM DESTAQUE DO ICMS; (REDACAO DADA PELO AJUSTE SINIEF N 20, DE 09.12.2016 - DOU DE 15.12.2016. REFERENTE A MOSTRUARIO SEM RETORNO. VALOR APROX. DOS TRIBUTOS: R$ 18,67 FEDERAL, R$ 74,05 ESTADUAL, FONTE: IBPT/EMPRESOMETRO.COM.BR (8|
|0460|207|PEDIDO DE COMPRA N 9854. VALOR APROX. DOS TRIBUTOS: R$ 388,30 FEDERAL, R$ 1.869,82 ESTADUAL, FONTE: IBPT/EMPRESOMETRO.COM.BR (801EC4).|
|0460|208|PEDIDO DE COMPRA N 9855. VALOR APROX. DOS TRIBUTOS: R$ 250,48 FEDERAL, R$ 993,42 ESTADUAL, FONTE: IBPT/EMPRESOMETRO.COM.BR (801EC4).|
|0460|209|PEDIDO DE MOSTRUARIO N 9856. SEM DESTAQUE DO ICMS; (REDACAO DADA PELO AJUSTE SINIEF N 20, DE 09.12.2016 - DOU DE 15.12.2016. REFERENTE A MOSTRUARIO SEM RETORNO. VALOR APROX. DOS TRIBUTOS: R$ 47,86 FEDERAL, R$ 189,83 ESTADUAL, FONTE: IBPT/EMPRESOMETRO.COM.|
|0460|210|PEDIDO DE BONIFICACAON 9857 REFERENTE VERBA PARA CONFECCAO DO EXPOSITOR. VALOR APROX. DOS TRIBUTOS: R$ 68,22 FEDERAL, R$ 270,54 ESTADUAL, FONTE: IBPT/EMPRESOMETRO.COM.BR (801EC4).|
|0460|211|FOB - PRAZO POR FATURA\\\VARZEA PAULISTA\REDENCAO\ \2-DISTANCIA ATE 200 KM\SAENY\393556\\VOLUME\\SPOICE\\ VALOR APROXIMADO DE TRIBUTOS (LEI 12.741) R$14,00 (7,00%)\16-01-2019 00:00:00\|
|0460|212|FOB - PRAZO POR FATURA\03625032651-JOSE GREGORIO DOS SANTOS\EDC1334\SAO PAULO\REDENCAO\ \2-DISTANCIA ATE 200 KM\SAENY\393912\\VOLUME\\SPOICE\\ VALOR APROXIMADO DE TRIBUTOS (LEI 12.741) R$21,45 (7,00%)\17-01-2019 00:00:00\|
|0460|213|FOB - PRAZO POR FATURA\\\SAO PAULO\REDENCAO\ \2-DISTANCIA ATE 200 KM\SAENY\393691\\VOLUME\\SPOICE\\ VALOR APROXIMADO DE TRIBUTOS (LEI 12.741) R$18,15 (7,00%)\18-01-2019 00:00:00\|
|0460|214|FOB - PRAZO POR FATURA\\\SAO BERNARDO DO CAMP\REDENCAO\ \2-DISTANCIA ATE 200 KM\SAENY\393215\\VOLUME\\SPOICE\\ VALOR APROXIMADO DE TRIBUTOS (LEI 12.741) R$33,69 (7,00%)\21-01-2019 00:00:00\|
|0460|215|FOB - PRAZO POR FATURA\03625032651-JOSE GREGORIO DOS SANTOS\EDC1334\SANTO ANDRE\REDENCAO\ \2-DISTANCIA ATE 200 KM\GABRIEL\393381\\VOLUME\\SPOICE\\ VALOR APROXIMADO DE TRIBUTOS (LEI 12.741) R$26,40 (7,00%)\21-01-2019 00:00:00\|
|0460|216|FOB - PRAZO POR FATURA\\\ITUPEVA\REDENCAO\ \2-DISTANCIA ATE 200 KM\SAENY\393980\\VOLUME\\SPOICE\\ VALOR APROXIMADO DE TRIBUTOS (LEI 12.741) R$19,86 (7,00%)\26-01-2019 00:00:00\|
|0990|567|
|B001|1|
|B990|2|
|C001|0|
|C100|0|1|F12396269/0001-18|55|00|001|20814|23181212396269000118550010000208141000208142|26122018|01012019|190,00|2|0,00|0,00|190,00|0|0,00|0,00|0,00|0,00|0,00|0,00|0,00|0,00|0,00|0,00|||
|C170|1|8035||1,000|PC|190,00|0,00|0|090|1556||0,00|0,00|0,00|0,00|0,00|0,00|0|49||0,00|0,00|0,00||||||||||||||0,00|
|C190|090|1556|0,00|190,00|0,00|0,00|0,00|0,00|0,00|0,00||
|C100|0|0|F83817858006888|55|00|001|4067|23181223159702000118550010000040671451146576|18122018|01012019|1172,38|0|0,00|0,00|1172,38|0|0,00|0,00|0,00|1164,20|139,70|0,00|0,00|8,18|0,00|0,00|||
|C110|1||
|C113|1|0|C83817858/0068-88|55|1||3813|21112018|23181123159702000118550010000038131876116524|
|C190|000|2949|12,00|1172,38|1164,20|139,70|0,00|0,00|0,00|8,18||
|C195|1||
|C100|0|1|F03656804/0007-27|55|00|003|48572|27181203656804000727550030000485721002611980|17122018|01012019|2080,00|2|0,00|0,00|2080,00|1|0,00|0,00|0,00|2080,00|249,60|0,00|0,00|0,00|0,00|0,00|||
|C110|2||
|C113|1|0|C03656804/0007-27|55|1||4007|11122018|23181223159702000118550010000040071731246351|
|C170|1|114010133||8,000|UN|2080,00|0,00|0|000|2201||2080,00|12,00|249,60|0,00|0,00|0,00|0|49||0,00|0,00|0,00||||||||||||||0,00|
|C190|000|2201|12,00|2080,00|2080,00|249,60|0,00|0,00|0,00|0,00||
|C195|2||
|C100|0|1|F60561719/0097-75|55|00|005|103388|35181260561719009775550050001033881145456027|04122018|01012019|10146,17|0|0,00|0,00|9896,76|0|0,00|0,00|0,00|9896,76|692,77|0,00|0,00|249,41|0,00|0,00|||
|C170|1|5690||810,000|KG|4908,60|0,00|0|000|2101|0000000007|4908,60|7,00|343,60|0,00|0,00|0,00|0|49||0,00|5,00|0,00||||||||||||||0,00|
|C170|2|1623||144,000|KG|2338,56|0,00|0|000|2101|0000000007|2338,56|7,00|163,70|0,00|0,00|0,00|0|00||2338,60|5,00|116,93||||||||||||||0,00|
|C170|3|005346||6,000|UN|2649,60|0,00|0|000|2101|0000000007|2649,60|7,00|185,47|0,00|0,00|0,00|0|00||2649,60|5,00|132,48||||||||||||||0,00|
|C190|000|2101|7,00|10146,17|9896,76|692,77|0,00|0,00|0,00|249,41||
|C195|3||
|C100|0|1|F83817858/0037-81|55|00|010|157438|26181283817858003781550100001574381327988044|10122018|01012019|321,32|2|0,00|0,00|306,02|9|0,00|0,00|0,00|306,02|36,72|0,00|0,00|15,30|0,00|0,00|||
|C110|3||
|C113|1|0|C83817858/0037-81|55|1||3929|03122018|23181223159702000118550010000039291898862163|
|C170|1|016152||2,000|UN|306,02|0,00|0|000|2201||306,02|12,00|36,72|0,00|0,00|0,00|0|00||306,00|5,00|15,30||||||||||||||0,00|
|C190|000|2201|12,00|321,32|306,02|36,72|0,00|0,00|0,00|15,30||
|C195|4||
|C100|0|1|F10230480/0018-89|55|00|010|98840|26181210230480001889550100000988401015315980|10122018|01012019|748,21|0|0,00|0,00|748,21|0|0,00|0,00|0,00|748,21|89,79|0,00|0,00|0,00|0,00|0,00|||
|C170|1|014688||1,000|UN|71,07|0,00|0|000|2949|0000000001|71,07|12,00|8,53|0,00|0,00|0,00|0|49||0,00|0,00|0,00||||||||||||||0,00|
|C170|2|016733||1,000|UN|415,61|0,00|0|000|2949|0000000001|415,61|12,00|49,87|0,00|0,00|0,00|0|49||0,00|0,00|0,00||||||||||||||0,00|
|C170|3|016724||1,000|UN|202,81|0,00|0|000|2949|0000000001|202,81|12,00|24,34|0,00|0,00|0,00|0|49||0,00|0,00|0,00||||||||||||||0,00|
|C170|4|016750||1,000|UN|58,72|0,00|1|000|2949|0000000001|58,72|12,00|7,05|0,00|0,00|0,00|0|49||0,00|0,00|0,00||||||||||||||0,00|
|C190|000|2949|12,00|748,21|748,21|89,79|0,00|0,00|0,00|0,00||
|C195|5||
|C100|0|1|F20061395/0001-40|55|08|890|184792|23181207954597000152558900001847921001847927|17122018|01012019|341,55|2|0,00|0,00|341,55|9|0,00|0,00|0,00|0,00|0,00|0,00|0,00|0,00|0,00|0,00|||
|C170|1|8035||1035,000|PC|341,55|0,00|0|090|1556||0,00|0,00|0,00|0,00|0,00|0,00|0|49||0,00|0,00|0,00||||||||||||||0,00|
|C190|090|1556|0,00|341,55|0,00|0,00|0,00|0,00|0,00|0,00||
|C195|6||
|C100|0|1|F13923945/0001-27|55|00|001|19720|23190113923945000127550010000197201838390858|02012019|02012019|60060,00|1|0,00|0,00|57200,00|0|0,00|0,00|0,00|57200,00|10296,00|0,00|0,00|2860,00|0,00|0,00|||
|C170|1|0106670||5500,000|UN|57200,00|0,00|0|000|1101|0000000006|57200,00|18,00|10296,00|0,00|0,00|0,00|0|00||57200,00|5,00|2860,00||||||||||||||0,00|
|C190|000|1101|18,00|60060,00|57200,00|10296,00|0,00|0,00|0,00|2860,00||
|C195|7||
|C100|0|1|F41413543/0001-18|55|00|001|23660|23190141413543000118550010000236601000236600|08012019|08012019|1490,00|2|0,00|0,00|1490,00|1|0,00|0,00|0,00|0,00|0,00|0,00|0,00|0,00|0,00|0,00|||
|C170|1|8035||1,000|PC|1490,00|0,00|0|090|1556||0,00|0,00|0,00|0,00|0,00|0,00|0|49||0,00|0,00|0,00||||||||||||||0,00|
|C190|090|1556|0,00|1490,00|0,00|0,00|0,00|0,00|0,00|0,00||
|C195|8||
|C100|0|1|F21572436/0001-25|55|00|001|2489|35190121572436000125550010000024891893886123|03012019|08012019|720,00|1|0,00|0,00|720,00|1|0,00|0,00|0,00|0,00|0,00|0,00|0,00|0,00|0,00|0,00|||
|C170|1|960613113||3,000|MI|720,00|0,00|0|090|2101|0000000007|0,00|0,00|0,00|0,00|0,00|0,00|0|49||0,00|0,00|0,00||||||||||||||0,00|
|C190|090|2101|0,00|720,00|0,00|0,00|0,00|0,00|0,00|0,00||
|C195|9||
|C100|0|1|F04872931/0001-30|55|00|000|19859|23190104872931000130550000000198591909172070|09012019|09012019|1221,46|2|0,00|0,00|1221,46|1|0,00|0,00|0,00|0,00|0,00|0,00|0,00|0,00|0,00|0,00|||
|C170|1|233232||778,000|UN|1221,46|0,00|0|090|1124||0,00|0,00|0,00|0,00|0,00|0,00|0|49||0,00|0,00|0,00||||||||||||||0,00|
|C190|090|1124|0,00|1221,46|0,00|0,00|0,00|0,00|0,00|0,00||
|C195|10||
|C100|0|1|F04872931/0001-30|55|00|000|19860|23190104872931000130550000000198601644525796|09012019|09012019|600,00|2|0,00|0,00|600,00|0|0,00|0,00|0,00|0,00|0,00|0,00|0,00|0,00|0,00|0,00|||
|C170|1|4634||3,000|UN|600,00|0,00|0|090|1920||0,00|0,00|0,00|0,00|0,00|0,00|0|49||0,00|0,00|0,00||||||||||||||0,00|
|C190|090|1920|0,00|600,00|0,00|0,00|0,00|0,00|0,00|0,00||
|C195|11||
|C100|0|1|F24402496/0001-98|55|00|001|10454|23190124402496000198550010000104541000104547|09012019|09012019|628,33|2|0,00|0,00|628,33|0|0,00|0,00|0,00|0,00|0,00|0,00|0,00|0,00|0,00|0,00|||
|C170|1|8035||1,000|PC|628,33|0,00|0|090|1556||0,00|0,00|0,00|0,00|0,00|0,00|0|49||0,00|0,00|0,00||||||||||||||0,00|
|C190|090|1556|0,00|628,33|0,00|0,00|0,00|0,00|0,00|0,00||
|C195|12||
|C100|0|1|F01602389/0002-99|55|00|001|1936|23190101602389000299550010000019361108000001|09012019|09012019|1000,00|2|0,00|0,00|1000,00|2|0,00|0,00|0,00|0,00|0,00|0,00|0,00|0,00|0,00|0,00|||
|C170|1|8035||1,000|PC|1000,00|0,00|0|090|1556||0,00|0,00|0,00|0,00|0,00|0,00|0|49||0,00|0,00|0,00||||||||||||||0,00|
|C190|090|1556|0,00|1000,00|0,00|0,00|0,00|0,00|0,00|0,00||
|C100|0|1|F13923945/0001-27|55|00|001|19789|23190113923945000127550010000197891911360503|09012019|09012019|11064,90|1|0,00|0,00|10538,00|1|0,00|0,00|0,00|10538,00|1896,84|0,00|0,00|526,90|0,00|0,00|||
|C170|1|16376||1100,000|KG|10538,00|0,00|0|000|1101|0000000006|10538,00|18,00|1896,84|0,00|0,00|0,00|0|00||10538,00|5,00|526,90||||||||||||||0,00|
|C190|000|1101|18,00|11064,90|10538,00|1896,84|0,00|0,00|0,00|526,90||
|C195|13||
|C100|0|1|F07342785000120|55|00|001|414927|23190107342785000120550010004149271121009010|09012019|09012019|925,27|2|0,00|0,00|925,27|9|0,00|0,00|0,00|0,00|0,00|0,00|0,00|0,00|0,00|0,00|||
|C170|1|8035||1,000|PC|925,27|0,00|0|090|1556||0,00|0,00|0,00|0,00|0,00|0,00|0|49||0,00|0,00|0,00||||||||||||||0,00|
|C190|090|1556|0,00|925,27|0,00|0,00|0,00|0,00|0,00|0,00||
|C195|14||
|C100|0|1|F05588797/0003-75|55|00|001|95088|23190105588797000375550010000950881003237580|09012019|09012019|1700,80|2|0,00|0,00|1700,80|0|0,00|0,00|0,00|0,00|0,00|0,00|0,00|0,00|0,00|0,00|||
|C170|1|8035||1,000|PC|1380,80|0,00|0|090|1556||0,00|0,00|0,00|0,00|0,00|0,00|0|49||0,00|0,00|0,00||||||||||||||0,00|
|C170|2|60612417||1,000|UN|320,00|0,00|0|090|1101||0,00|0,00|0,00|0,00|0,00|0,00|0|49||0,00|0,00|0,00||||||||||||||0,00|
|C190|090|1101|0,00|320,00|0,00|0,00|0,00|0,00|0,00|0,00||
|C190|090|1556|0,00|1380,80|0,00|0,00|0,00|0,00|0,00|0,00||
|C100|0|1|F04347634/0001-76|55|00|001|14842|23190104347634000176550010000148421000003523|10012019|10012019|813,65|2|0,00|0,00|813,65|1|0,00|0,00|0,00|0,00|0,00|0,00|0,00|0,00|0,00|0,00|||
|C170|1|7998||50,000|MIL|415,50|0,00|0|090|1101||0,00|0,00|0,00|0,00|0,00|0,00|0|49||0,00|0,00|0,00||||||||||||||0,00|
|C170|2|232||67,500|UN|195,75|0,00|0|090|1101||0,00|0,00|0,00|0,00|0,00|0,00|0|49||0,00|0,00|0,00||||||||||||||0,00|
|C170|3|16375||16,000|UN|202,40|0,00|0|090|1101||0,00|0,00|0,00|0,00|0,00|0,00|0|49||0,00|0,00|0,00||||||||||||||0,00|
|C190|090|1101|0,00|813,65|0,00|0,00|0,00|0,00|0,00|0,00||
|C195|15||
|C100|0|1|F04433961/0001-40|55|00|001|1547|23190104433961000140550010000015471000504405|10012019|10012019|156,00|2|0,00|0,00|156,00|1|0,00|0,00|0,00|0,00|0,00|0,00|0,00|0,00|0,00|0,00|||
|C170|1|8035||1,000|PC|156,00|0,00|0|090|1556||0,00|0,00|0,00|0,00|0,00|0,00|0|49||0,00|0,00|0,00||||||||||||||0,00|
|C190|090|1556|0,00|156,00|0,00|0,00|0,00|0,00|0,00|0,00||
|C195|16||
|C100|0|1|F04433961/0001-40|55|00|001|1548|23190104433961000140550010000015481904205007|10012019|10012019|566,80|2|0,00|0,00|566,80|1|0,00|0,00|0,00|0,00|0,00|0,00|0,00|0,00|0,00|0,00|||
|C170|1|8035||84,598|PC|566,80|0,00|0|090|1556||0,00|0,00|0,00|0,00|0,00|0,00|0|49||0,00|0,00|0,00||||||||||||||0,00|
|C190|090|1556|0,00|566,80|0,00|0,00|0,00|0,00|0,00|0,00||
|C195|17||
|C100|0|1|F00230735/0001-01|55|00|001|28760|35190100230735000101550010000287601521244237|07012019|10012019|651,20|2|0,00|0,00|592,00|1|0,00|0,00|0,00|592,00|23,68|0,00|0,00|59,20|0,00|0,00|||
|C170|1|960613569||80,000|CTO|592,00|0,00|0|200|2101||592,00|4,00|23,68|0,00|0,00|0,00|0|00||592,00|10,00|59,20||||||||||||||0,00|
|C190|200|2101|4,00|651,20|592,00|23,68|0,00|0,00|0,00|59,20||
|C100|0|1|F07342785000120|55|00|001|415051|23190107342785000120550010004150511121010010|10012019|10012019|827,80|2|0,00|0,00|827,80|9|0,00|0,00|0,00|0,00|0,00|0,00|0,00|0,00|0,00|0,00|||
|C170|1|8035||1,000|PC|827,80|0,00|0|090|1556||0,00|0,00|0,00|0,00|0,00|0,00|0|49||0,00|0,00|0,00||||||||||||||0,00|
|C190|090|1556|0,00|827,80|0,00|0,00|0,00|0,00|0,00|0,00||
|C195|18||
|C100|0|1|F07240450/0001-09|55|00|001|442058|23190107240450000109550010004420581027291691|10012019|10012019|206,40|1|0,00|0,00|206,40|0|0,00|0,00|0,00|0,00|0,00|0,00|0,00|0,00|0,00|0,00|||
|C170|1|8035||1,000|PC|206,40|0,00|0|090|1556|0000000009|0,00|0,00|0,00|0,00|0,00|0,00|0|49||0,00|0,00|0,00||||||||||||||0,00|
|C190|090|1556|0,00|206,40|0,00|0,00|0,00|0,00|0,00|0,00||
|C195|19||
|C100|0|1|F04934227/0001-65|55|00|001|54148|23190104934227000165550010000541481002796170|10012019|10012019|1821,74|2|0,00|0,00|1821,74|0|0,00|0,00|0,00|0,00|0,00|0,00|0,00|0,00|0,00|0,00|||
|C170|1|8035||1,000|PC|1821,74|0,00|0|090|1556||0,00|0,00|0,00|0,00|0,00|0,00|0|49||0,00|0,00|0,00||||||||||||||0,00|
|C190|090|1556|0,00|1821,74|0,00|0,00|0,00|0,00|0,00|0,00||
|C195|20||
|C100|0|1|F10440320/0001-16|55|00|001|579|23190110440320000116550010000005791000010092|10012019|10012019|490,00|2|0,00|0,00|490,00|1|0,00|0,00|0,00|0,00|0,00|0,00|0,00|0,00|0,00|0,00|||
|C170|1|8035||2,000|PC|490,00|0,00|0|090|1556||0,00|0,00|0,00|0,00|0,00|0,00|0|49||0,00|0,00|0,00||||||||||||||0,00|
|C190|090|1556|0,00|490,00|0,00|0,00|0,00|0,00|0,00|0,00||
|C195|21||
|C100|0|1|F13923945/0001-27|55|00|001|19802|23190113923945000127550010000198021733208445|11012019|11012019|62774,25|1|0,00|0,00|59785,00|0|0,00|0,00|0,00|59785,00|10761,30|0,00|0,00|2989,25|0,00|0,00|||
|C170|1|0106670||5500,000|UN|59785,00|0,00|0|000|1101|0000000006|59785,00|18,00|10761,30|0,00|0,00|0,00|0|00||59785,00|5,00|2989,25||||||||||||||0,00|
|C190|000|1101|18,00|62774,25|59785,00|10761,30|0,00|0,00|0,00|2989,25||
|C195|22||
|C100|0|1|F13923945/0001-27|55|00|001|19803|23190113923945000127550010000198031139131149|11012019|11012019|1065,70|2|0,00|0,00|1065,70|0|0,00|0,00|0,00|0,00|0,00|0,00|0,00|0,00|0,00|0,00|||
|C170|1|0114010118||5,000|UN|1065,70|0,00|0|090|1920||0,00|0,00|0,00|0,00|0,00|0,00|0|49||0,00|0,00|0,00||||||||||||||0,00|
|C190|090|1920|0,00|1065,70|0,00|0,00|0,00|0,00|0,00|0,00||
|C195|23||
|C100|0|1|F01438784/0043-56|55|00|006|21913|23190101438784004356550060000219131715944483|12012019|12012019|11907,00|2|0,00|0,00|11907,00|1|0,00|0,00|0,00|11907,00|2143,27|0,00|0,00|0,00|0,00|0,00|||
|C110|4||
|C113|1|0|C01438784/0043-56|55|1||3701|31102018|23181023159702000118550010000037011983300620|
|C170|1|114010127||1,000|UN|264,60|0,00|0|000|1201||264,60|18,00|47,63|0,00|0,00|0,00|0|49||0,00|0,00|0,00||||||||||||||0,00|
|C170|2|114010125||10,000|UN|2646,00|0,00|0|000|1201||2646,00|18,00|476,28|0,00|0,00|0,00|0|49||0,00|0,00|0,00||||||||||||||0,00|
|C170|3|114010123||10,000|UN|2646,00|0,00|0|000|1201||2646,00|18,00|476,28|0,00|0,00|0,00|0|49||0,00|0,00|0,00||||||||||||||0,00|
|C170|4|114010147||10,000|UN|2646,00|0,00|0|000|1201||2646,00|18,00|476,28|0,00|0,00|0,00|0|49||0,00|0,00|0,00||||||||||||||0,00|
|C170|5|114010153||2,000|UN|529,20|0,00|0|000|1201||529,20|18,00|95,26|0,00|0,00|0,00|0|49||0,00|0,00|0,00||||||||||||||0,00|
|C170|6|114010151||10,000|UN|2646,00|0,00|0|000|1201||2646,00|18,00|476,28|0,00|0,00|0,00|0|49||0,00|0,00|0,00||||||||||||||0,00|
|C170|7|114010133||2,000|UN|529,20|0,00|0|000|1201||529,20|18,00|95,26|0,00|0,00|0,00|0|49||0,00|0,00|0,00||||||||||||||0,00|
|C190|000|1201|18,00|11907,00|11907,00|2143,27|0,00|0,00|0,00|0,00||
|C195|24||
|C100|0|1|F01438784/0043-56|55|00|006|21914|23190101438784004356550060000219141779740690|12012019|12012019|15611,40|2|0,00|0,00|15611,40|1|0,00|0,00|0,00|15611,40|2810,06|0,00|0,00|0,00|0,00|0,00|||
|C110|5||
|C113|1|0|C01438784/0043-56|55|1||3699|31102018|23181023159702000118550010000036991934346574|
|C170|1|114010149||9,000|UN|2381,40|0,00|0|000|1201||2381,40|18,00|428,65|0,00|0,00|0,00|0|49||0,00|0,00|0,00||||||||||||||0,00|
|C170|2|114010137||1,000|UN|264,60|0,00|0|000|1201||264,60|18,00|47,63|0,00|0,00|0,00|0|49||0,00|0,00|0,00||||||||||||||0,00|
|C170|3|114010129||26,000|UN|6879,60|0,00|0|000|1201||6879,60|18,00|1238,33|0,00|0,00|0,00|0|49||0,00|0,00|0,00||||||||||||||0,00|
|C170|4|114010121||1,000|UN|264,60|0,00|0|000|1201||264,60|18,00|47,63|0,00|0,00|0,00|0|49||0,00|0,00|0,00||||||||||||||0,00|
|C170|5|114010151||9,000|UN|2381,40|0,00|0|000|1201||2381,40|18,00|428,65|0,00|0,00|0,00|0|49||0,00|0,00|0,00||||||||||||||0,00|
|C170|6|114010127||1,000|UN|264,60|0,00|0|000|1201||264,60|18,00|47,63|0,00|0,00|0,00|0|49||0,00|0,00|0,00||||||||||||||0,00|
|C170|7|114010145||10,000|UN|2646,00|0,00|0|000|1201||2646,00|18,00|476,28|0,00|0,00|0,00|0|49||0,00|0,00|0,00||||||||||||||0,00|
|C170|8|114010133||2,000|UN|529,20|0,00|0|000|1201||529,20|18,00|95,26|0,00|0,00|0,00|0|49||0,00|0,00|0,00||||||||||||||0,00|
|C190|000|1201|18,00|15611,40|15611,40|2810,06|0,00|0,00|0,00|0,00||
|C195|25||
|C100|0|1|F01438784/0043-56|55|00|006|21915|23190101438784004356550060000219151328429814|12012019|12012019|6879,60|2|0,00|0,00|6879,60|1|0,00|0,00|0,00|6879,60|1238,33|0,00|0,00|0,00|0,00|0,00|||
|C110|6||
|C113|1|0|C01438784/0043-56|55|1||3831|26112018|23181123159702000118550010000038311695698503|
|C170|1|114010127||1,000|UN|264,60|0,00|0|000|1201||264,60|18,00|47,63|0,00|0,00|0,00|0|49||0,00|0,00|0,00||||||||||||||0,00|
|C170|2|114010129||14,000|UN|3704,40|0,00|0|000|1201||3704,40|18,00|666,79|0,00|0,00|0,00|0|49||0,00|0,00|0,00||||||||||||||0,00|
|C170|3|114010151||9,000|UN|2381,40|0,00|0|000|1201||2381,40|18,00|428,65|0,00|0,00|0,00|0|49||0,00|0,00|0,00||||||||||||||0,00|
|C170|4|114010121||1,000|UN|264,60|0,00|0|000|1201||264,60|18,00|47,63|0,00|0,00|0,00|0|49||0,00|0,00|0,00||||||||||||||0,00|
|C170|5|114010137||1,000|UN|264,60|0,00|0|000|1201||264,60|18,00|47,63|0,00|0,00|0,00|0|49||0,00|0,00|0,00||||||||||||||0,00|
|C190|000|1201|18,00|6879,60|6879,60|1238,33|0,00|0,00|0,00|0,00||
|C195|26||
|C100|0|1|F01788591/0002-57|55|00|001|106715|23190101788591000257550010001067151002877014|14012019|14012019|14187,87|1|0,00|0,00|12337,28|0|0,00|0,00|0,00|12337,28|2220,71|0,00|0,00|1850,59|0,00|0,00|||
|C170|1|960613128||1000,000|UND|4770,00|0,00|0|000|1101|0000000008|4770,00|18,00|858,60|0,00|0,00|0,00|0|00||4770,00|15,00|715,50||||||||||||||0,00|
|C170|2|104155||1814,000|UND|7567,28|0,00|0|000|1101|0000000008|7567,28|18,00|1362,11|0,00|0,00|0,00|0|00||7567,27|15,00|1135,09||||||||||||||0,00|
|C190|000|1101|18,00|14187,87|12337,28|2220,71|0,00|0,00|0,00|1850,59||
|C100|0|1|F35039866/0001-90|55|00|001|255|23190135039866000190550010000002551696174268|14012019|14012019|45,00|2|0,00|0,00|45,00|1|0,00|0,00|0,00|0,00|0,00|0,00|0,00|0,00|0,00|0,00|||
|C170|1|8035||10,000|PC|45,00|0,00|0|090|1556||0,00|0,00|0,00|0,00|0,00|0,00|0|49||0,00|0,00|0,00||||||||||||||0,00|
|C190|090|1556|0,00|45,00|0,00|0,00|0,00|0,00|0,00|0,00||
|C195|27||
|C100|0|1|F35039866/0001-90|55|00|001|256|23190135039866000190550010000002561115254523|14012019|14012019|40,50|2|0,00|0,00|40,50|1|0,00|0,00|0,00|0,00|0,00|0,00|0,00|0,00|0,00|0,00|||
|C170|1|8035||9,000|PC|40,50|0,00|0|090|1556||0,00|0,00|0,00|0,00|0,00|0,00|0|49||0,00|0,00|0,00||||||||||||||0,00|
|C190|090|1556|0,00|40,50|0,00|0,00|0,00|0,00|0,00|0,00||
|C195|28||
|C100|0|1|F59106666/0001-71|55|00|001|427447|35190159106666000171550010004274471263427235|10012019|14012019|9349,83|1|0,00|0,00|8904,60|1|0,00|0,00|0,00|8904,60|623,32|0,00|0,00|445,23|0,00|0,00|||
|C170|1|3352||306,000|KG|8904,60|0,00|0|000|2101|0000000012|8904,60|7,00|623,32|0,00|0,00|0,00|0|00||8904,60|5,00|445,23||||||||||||||0,00|
|C190|000|2101|7,00|9349,83|8904,60|623,32|0,00|0,00|0,00|445,23||
|C195|29||
|C100|0|1|F05470495/0001-36|55|00|001|4705|23190105470495000136550010000047051813731001|14012019|14012019|525,00|2|0,00|0,00|525,00|2|0,00|0,00|0,00|0,00|0,00|0,00|0,00|0,00|0,00|0,00|||
|C170|1|8035||1,000|PC|525,00|0,00|0|090|1556||0,00|0,00|0,00|0,00|0,00|0,00|0|49||0,00|0,00|0,00||||||||||||||0,00|
|C190|090|1556|0,00|525,00|0,00|0,00|0,00|0,00|0,00|0,00||
|C100|0|1|F05646748/0001-80|55|00|001|9139|23190105646748000180550010000091391865148421|14012019|14012019|194,00|0|0,00|0,00|194,00|0|0,00|0,00|0,00|0,00|0,00|0,00|0,00|0,00|0,00|0,00|||
|C170|1|8035||1,000|PC|194,00|0,00|0|090|1556|0000000004|0,00|0,00|0,00|0,00|0,00|0,00|0|49||0,00|0,00|0,00||||||||||||||0,00|
|C190|090|1556|0,00|194,00|0,00|0,00|0,00|0,00|0,00|0,00||
|C195|30||
|C100|0|1|F62923354/0001-65|55|00|001|191927|35190162923354000165550010001919271067150787|08012019|15012019|3146,00|2|0,00|0,00|3146,00|1|0,00|0,00|0,00|0,00|0,00|0,00|0,00|0,00|0,00|0,00|||
|C170|1|8035||105,800|PC|3146,00|0,00|0|090|2556||0,00|0,00|0,00|0,00|0,00|0,00|0|49||0,00|0,00|0,00||||||||||||||0,00|
|C190|090|2556|0,00|3146,00|0,00|0,00|0,00|0,00|0,00|0,00||
|C195|31||
|C100|0|1|F10742938/0001-30|55|00|001|28235|23190110742938000130550010000282351000282358|14012019|15012019|2565,00|2|0,00|0,00|2565,00|0|0,00|0,00|0,00|0,00|0,00|0,00|0,00|0,00|0,00|0,00|||
|C170|1|014983||200,000|CT|400,00|0,00|0|090|1101||0,00|0,00|0,00|0,00|0,00|0,00|0|49||0,00|0,00|0,00||||||||||||||0,00|
|C170|2|012106||200,000|CT|1660,00|0,00|0|090|1101||0,00|0,00|0,00|0,00|0,00|0,00|0|49||0,00|0,00|0,00||||||||||||||0,00|
|C170|3|4224||50,000|SC|105,00|0,00|0|090|1101||0,00|0,00|0,00|0,00|0,00|0,00|0|49||0,00|0,00|0,00||||||||||||||0,00|
|C170|4|16093||100,000|CT|400,00|0,00|0|090|1101||0,00|0,00|0,00|0,00|0,00|0,00|0|49||0,00|0,00|0,00||||||||||||||0,00|
|C190|090|1101|0,00|2565,00|0,00|0,00|0,00|0,00|0,00|0,00||
|C195|32||
|C100|0|1|F04438473/0001-26|55|00|001|863|35190104438473000126550010000008631000202657|10012019|15012019|3800,00|2|0,00|0,00|3800,00|1|0,00|0,00|0,00|0,00|0,00|0,00|0,00|0,00|0,00|0,00|||
|C170|1|8035||1,000|PC|3800,00|0,00|0|090|2556||0,00|0,00|0,00|0,00|0,00|0,00|0|49||0,00|0,00|0,00||||||||||||||0,00|
|C190|090|2556|0,00|3800,00|0,00|0,00|0,00|0,00|0,00|0,00||
|C195|33||
|C100|0|1|F08749429/0001-98|55|00|001|87672|23190108749429000198550010000876721000876724|14012019|15012019|673,60|2|0,00|0,00|673,60|0|0,00|0,00|0,00|0,00|0,00|0,00|0,00|0,00|0,00|0,00|||
|C170|1|8035||1,000|PC|673,60|0,00|0|090|1556||0,00|0,00|0,00|0,00|0,00|0,00|0|49||0,00|0,00|0,00||||||||||||||0,00|
|C190|090|1556|0,00|673,60|0,00|0,00|0,00|0,00|0,00|0,00||
|C195|34||
|C100|0|1|F05646748/0001-80|55|00|001|9138|23190105646748000180550010000091381136942263|14012019|15012019|250,00|0|0,00|0,00|250,00|0|0,00|0,00|0,00|0,00|0,00|0,00|0,00|0,00|0,00|0,00|||
|C170|1|8035||2,000|PC|250,00|0,00|0|090|1556|0000000004|0,00|0,00|0,00|0,00|0,00|0,00|0|49||0,00|0,00|0,00||||||||||||||0,00|
|C190|090|1556|0,00|250,00|0,00|0,00|0,00|0,00|0,00|0,00||
|C195|35||
|C100|0|1|F20061395/0001-40|55|08|890|196196|23190107954597000152558900001961961001961961|15012019|15012019|264,00|2|0,00|0,00|264,00|9|0,00|0,00|0,00|0,00|0,00|0,00|0,00|0,00|0,00|0,00|||
|C170|1|8035||800,000|PC|264,00|0,00|0|090|1556||0,00|0,00|0,00|0,00|0,00|0,00|0|49||0,00|0,00|0,00||||||||||||||0,00|
|C190|090|1556|0,00|264,00|0,00|0,00|0,00|0,00|0,00|0,00||
|C195|36||
|C100|0|1|F08978365000105|55|00|000|1225969|23190108978365000105550000012259691814568676|16012019|16012019|890,50|2|0,00|0,00|890,50|0|0,00|0,00|0,00|0,00|0,00|0,00|0,00|0,00|0,00|0,00|||
|C170|1|8035||48,000|PC|890,50|0,00|0|090|1556||0,00|0,00|0,00|0,00|0,00|0,00|0|49||0,00|0,00|0,00||||||||||||||0,00|
|C190|090|1556|0,00|890,50|0,00|0,00|0,00|0,00|0,00|0,00||
|C195|37||
|C100|0|1|F05242409/0001-38|55|00|000|15057|23190105242409000138550000000150571685522109|16012019|16012019|530,00|2|0,00|0,00|530,00|0|0,00|0,00|0,00|0,00|0,00|0,00|0,00|0,00|0,00|0,00|||
|C170|1|8035||1,000|PC|530,00|0,00|0|090|1556||0,00|0,00|0,00|0,00|0,00|0,00|0|49||0,00|0,00|0,00||||||||||||||0,00|
|C190|090|1556|0,00|530,00|0,00|0,00|0,00|0,00|0,00|0,00||
|C195|38||
|C100|0|1|F08352947/0001-73|55|00|001|50866|23190108352947000173550010000508661000508668|16012019|16012019|1032,50|2|0,00|0,00|1032,50|0|0,00|0,00|0,00|0,00|0,00|0,00|0,00|0,00|0,00|0,00|||
|C170|1|1105||70,000|KG|1032,50|0,00|0|090|1101||0,00|0,00|0,00|0,00|0,00|0,00|0|49||0,00|0,00|0,00||||||||||||||0,00|
|C190|090|1101|0,00|1032,50|0,00|0,00|0,00|0,00|0,00|0,00||
|C195|39||
|C100|0|1|F07805674/0001-02|55|00|001|62364|23190107805674000102550010000623641084481772|16012019|16012019|569,80|0|0,00|0,00|569,80|1|0,00|0,00|0,00|0,00|0,00|0,00|0,00|0,00|0,00|0,00|||
|C170|1|8035||2,000|PC|569,80|0,00|0|090|1556|0000000005|0,00|0,00|0,00|0,00|0,00|0,00|0|49||0,00|0,00|0,00||||||||||||||0,00|
|C190|090|1556|0,00|569,80|0,00|0,00|0,00|0,00|0,00|0,00||
|C195|40||
|C100|0|1|F08417568000114|55|00|002|296347|23190108417568000114550020002963471591143989|16012019|16012019|1650,00|1|0,00|0,00|1650,00|0|0,00|0,00|0,00|0,00|0,00|0,00|0,00|0,00|0,00|0,00|||
|C170|1|8035||1,000|PC|1650,00|0,00|0|090|1556|0000000003|0,00|0,00|0,00|0,00|0,00|0,00|0|49||0,00|0,00|0,00||||||||||||||0,00|
|C190|090|1556|0,00|1650,00|0,00|0,00|0,00|0,00|0,00|0,00||
|C195|41||
|C100|0|1|F04872931/0001-30|55|00|000|19881|23190104872931000130550000000198811322183714|17012019|17012019|879,20|2|0,00|0,00|879,20|1|0,00|0,00|0,00|0,00|0,00|0,00|0,00|0,00|0,00|0,00|||
|C170|1|233232||560,000|UN|879,20|0,00|0|090|1124||0,00|0,00|0,00|0,00|0,00|0,00|0|49||0,00|0,00|0,00||||||||||||||0,00|
|C190|090|1124|0,00|879,20|0,00|0,00|0,00|0,00|0,00|0,00||
|C195|42||
|C100|0|1|F04872931/0001-30|55|00|000|19882|23190104872931000130550000000198821782636167|17012019|17012019|3304,00|2|0,00|0,00|3304,00|0|0,00|0,00|0,00|0,00|0,00|0,00|0,00|0,00|0,00|0,00|||
|C170|1|99669||28,000|UN|3304,00|0,00|0|090|1920||0,00|0,00|0,00|0,00|0,00|0,00|0|49||0,00|0,00|0,00||||||||||||||0,00|
|C190|090|1920|0,00|3304,00|0,00|0,00|0,00|0,00|0,00|0,00||
|C195|11||
|C100|0|1|F04872931/0001-30|55|00|000|19883|23190104872931000130550000000198831022623470|17012019|17012019|210,00|2|0,00|0,00|210,00|0|0,00|0,00|0,00|0,00|0,00|0,00|0,00|0,00|0,00|0,00|||
|C170|1|6666||25,000|KG|210,00|0,00|0|090|1925|0000000002|0,00|0,00|0,00|0,00|0,00|0,00|0|49||0,00|0,00|0,00||||||||||||||0,00|
|C190|090|1925|0,00|210,00|0,00|0,00|0,00|0,00|0,00|0,00||
|C195|43||
|C100|0|1|F41413543/0001-18|55|00|001|23798|23190141413543000118550010000237981000237987|17012019|17012019|600,00|2|0,00|0,00|600,00|1|0,00|0,00|0,00|0,00|0,00|0,00|0,00|0,00|0,00|0,00|||
|C170|1|8035||20,000|PC|600,00|0,00|0|090|1556||0,00|0,00|0,00|0,00|0,00|0,00|0|49||0,00|0,00|0,00||||||||||||||0,00|
|C190|090|1556|0,00|600,00|0,00|0,00|0,00|0,00|0,00|0,00||
|C195|44||
|C100|0|1|F61142865/0040-93|55|00|007|14598|23190161142865004093550070000145981733208444|17012019|17012019|3637,53|1|0,00|0,00|3441,97|1|0,00|0,00|0,00|2853,32|513,60|0,00|0,00|195,56|0,00|0,00|||
|C170|1|003474||40,000|LT|1237,98|0,00|0|000|1101|0000000007|1237,98|18,00|222,84|0,00|0,00|0,00|0|00||903,50|6,85|61,89||||||||||||||0,00|
|C170|2|960612404||20,000|L|557,07|0,00|0|000|1101|0000000007|557,07|18,00|100,27|0,00|0,00|0,00|0|00||406,57|6,85|27,85||||||||||||||0,00|
|C170|3|5326||40,000|UN|588,65|0,00|0|090|1101|0000000007|0,00|0,00|0,00|0,00|0,00|0,00|0|49||0,00|0,00|0,00||||||||||||||0,00|
|C170|4|11967||54,000|LT|1058,27|0,00|0|000|1101|0000000007|1058,27|18,00|190,49|0,00|0,00|0,00|0|00||1544,82|6,85|105,82||||||||||||||0,00|
|C190|000|1101|18,00|3048,88|2853,32|513,60|0,00|0,00|0,00|195,56||
|C190|090|1101|0,00|588,65|0,00|0,00|0,00|0,00|0,00|0,00||
|C195|45||
|C100|0|1|F61142865/0040-93|55|00|007|14599|23190161142865004093550070000145991911360503|17012019|17012019|2089,16|2|0,00|0,00|2089,16|1|0,00|0,00|0,00|0,00|0,00|0,00|0,00|0,00|0,00|0,00|||
|C170|1|8035||1,000|PC|2089,16|0,00|0|090|1556||0,00|0,00|0,00|0,00|0,00|0,00|0|49||0,00|0,00|0,00||||||||||||||0,00|
|C190|090|1556|0,00|2089,16|0,00|0,00|0,00|0,00|0,00|0,00||
|C195|46||
|C100|0|1|F43818418/0008-90|55|00|021|2579|35190143818418000890550210000025791536514611|16012019|19012019|2564,06|1|0,00|0,00|2564,06|0|0,00|0,00|0,00|2564,06|179,48|0,00|0,00|0,00|0,00|0,00|||
|C170|1|003268||180,000|UN|2564,06|0,00|0|000|2101|0000000011|2564,06|7,00|179,48|0,00|0,00|0,00|0|49||0,00|0,00|0,00||||||||||||||0,00|
|C190|000|2101|7,00|2564,06|2564,06|179,48|0,00|0,00|0,00|0,00||
|C195|47||
|C100|0|1|F83817858/0037-81|55|00|010|157440|26181283817858003781550100001574401607783173|10122018|21012019|160,66|2|0,00|0,00|153,01|9|0,00|0,00|0,00|153,01|18,36|0,00|0,00|7,65|0,00|0,00|||
|C110|7||
|C113|1|0|C83817858/0037-81|55|1||3933|03122018|23181223159702000118550010000039331868481113|
|C170|1|11926||1,000|UN|153,01|0,00|0|000|2201||153,01|12,00|18,36|0,00|0,00|0,00|0|00||153,00|5,00|7,65||||||||||||||0,00|
|C190|000|2201|12,00|160,66|153,01|18,36|0,00|0,00|0,00|7,65||
|C195|48||
|C100|0|1|F04872931/0001-30|55|00|000|19897|23190104872931000130550000000198971331752939|22012019|22012019|1130,40|2|0,00|0,00|1130,40|0|0,00|0,00|0,00|0,00|0,00|0,00|0,00|0,00|0,00|0,00|||
|C170|1|233232||720,000|UN|1130,40|0,00|0|090|1124||0,00|0,00|0,00|0,00|0,00|0,00|0|49||0,00|0,00|0,00||||||||||||||0,00|
|C190|090|1124|0,00|1130,40|0,00|0,00|0,00|0,00|0,00|0,00||
|C195|49||
|C100|0|1|F04872931/0001-30|55|00|000|19898|23190104872931000130550000000198981469178589|22012019|22012019|4248,00|2|0,00|0,00|4248,00|0|0,00|0,00|0,00|0,00|0,00|0,00|0,00|0,00|0,00|0,00|||
|C170|1|99669||36,000|UN|4248,00|0,00|0|090|1920||0,00|0,00|0,00|0,00|0,00|0,00|0|49||0,00|0,00|0,00||||||||||||||0,00|
|C190|090|1920|0,00|4248,00|0,00|0,00|0,00|0,00|0,00|0,00||
|C195|11||
|C100|0|1|F04872931/0001-30|55|00|000|19899|23190104872931000130550000000198991707654096|22012019|22012019|170,00|2|0,00|0,00|170,00|1|0,00|0,00|0,00|0,00|0,00|0,00|0,00|0,00|0,00|0,00|||
|C110|8||
|C113|1|0|C04872931/0001-30|55|1||1428|18102017|23171023159702000118550010000014281149874689|
|C170|1|960611309||25,000|KG|170,00|0,00|0|090|1903||0,00|0,00|0,00|0,00|0,00|0,00|0|49||0,00|0,00|0,00||||||||||||||0,00|
|C190|090|1903|0,00|170,00|0,00|0,00|0,00|0,00|0,00|0,00||
|C195|50||
|C100|0|1|F07342785000804|55|00|001|18943|23190107342785000804550010000189431121022010|22012019|22012019|120,00|2|0,00|0,00|120,00|9|0,00|0,00|0,00|0,00|0,00|0,00|0,00|0,00|0,00|0,00|||
|C170|1|8035||1,000|PC|120,00|0,00|0|090|1556||0,00|0,00|0,00|0,00|0,00|0,00|0|49||0,00|0,00|0,00||||||||||||||0,00|
|C190|090|1556|0,00|120,00|0,00|0,00|0,00|0,00|0,00|0,00||
|C195|51||
|C100|0|1|F01602389/0002-99|55|00|001|1939|23190101602389000299550010000019391108000003|22012019|22012019|17086,07|2|0,00|0,00|17086,07|2|0,00|0,00|0,00|0,00|0,00|0,00|0,00|0,00|0,00|0,00|||
|C170|1|8035||282,639|UD|17086,07|0,00|0|090|1556||0,00|0,00|0,00|0,00|0,00|0,00|0|49||0,00|0,00|0,00||||||||||||||0,00|
|C190|090|1556|0,00|17086,07|0,00|0,00|0,00|0,00|0,00|0,00||
|C100|0|1|F02500041/0001-72|55|00|001|34414|23190102500041000172550010000344141000314570|22012019|22012019|7456,83|1|0,00|0,00|6484,20|0|0,00|0,00|0,00|6484,20|1167,15|0,00|0,00|972,63|0,00|0,00|||
|C170|1|14927||606,000|UN|1921,02|0,00|0|000|1101|0000000010|1921,02|18,00|345,78|0,00|0,00|0,00|0|00||1921,00|15,00|288,15||||||||||||||0,00|
|C170|2|14452||251,000|UN|1016,55|0,00|0|000|1101|0000000010|1016,55|18,00|182,98|0,00|0,00|0,00|0|00||1016,53|15,00|152,48||||||||||||||0,00|
|C170|3|16377||169,000|UN|728,39|0,00|0|000|1101|0000000010|728,39|18,00|131,11|0,00|0,00|0,00|0|00||728,40|15,00|109,26||||||||||||||0,00|
|C170|4|12729||102,000|UN|913,92|0,00|0|000|1101|0000000010|913,92|18,00|164,51|0,00|0,00|0,00|0|00||913,93|15,00|137,09||||||||||||||0,00|
|C170|5|14705||326,000|UN|586,80|0,00|0|000|1101|0000000010|586,80|18,00|105,62|0,00|0,00|0,00|0|00||586,80|15,00|88,02||||||||||||||0,00|
|C170|6|15680||180,000|UN|666,00|0,00|0|000|1101|0000000010|666,00|18,00|119,88|0,00|0,00|0,00|0|00||666,00|15,00|99,90||||||||||||||0,00|
|C170|7|960611035||128,000|UN|651,52|0,00|0|000|1101|0000000010|651,52|18,00|117,27|0,00|0,00|0,00|0|00||651,53|15,00|97,73||||||||||||||0,00|
|C190|000|1101|18,00|7456,83|6484,20|1167,15|0,00|0,00|0,00|972,63||
|C195|52||
|C100|0|1|F01602389/0002-99|55|00|001|1940|23190101602389000299550010000019401108000004|22012019|23012019|1000,00|2|0,00|0,00|1000,00|2|0,00|0,00|0,00|0,00|0,00|0,00|0,00|0,00|0,00|0,00|||
|C170|1|8035||265,322|PC|1000,00|0,00|0|090|1556||0,00|0,00|0,00|0,00|0,00|0,00|0|49||0,00|0,00|0,00||||||||||||||0,00|
|C190|090|1556|0,00|1000,00|0,00|0,00|0,00|0,00|0,00|0,00||
|C100|0|1|F13923945/0001-27|55|00|001|19904|23190113923945000127550010000199041733208445|23012019|23012019|62774,25|1|0,00|0,00|59785,00|0|0,00|0,00|0,00|59785,00|10761,30|0,00|0,00|2989,25|0,00|0,00|||
|C170|1|0106670||5500,000|UN|59785,00|0,00|0|000|1101|0000000006|59785,00|18,00|10761,30|0,00|0,00|0,00|0|00||59785,00|5,00|2989,25||||||||||||||0,00|
|C190|000|1101|18,00|62774,25|59785,00|10761,30|0,00|0,00|0,00|2989,25||
|C195|53||
|C100|0|0|F40528218000138|55|00|001|4189|23190123159702000118550010000041891429464658|24012019|24012019|2283,75|0|0,00|0,00|2283,75|0|0,00|0,00|0,00|2175,00|261,00|0,00|0,00|108,75|0,00|0,00|||
|C110|9||
|C113|1|0|C40528218/0001-38|55|1||4040|13122018|23181223159702000118550010000040401045518598|
|C190|000|2949|12,00|2283,75|2175,00|261,00|0,00|0,00|0,00|108,75||
|C195|54||
|C100|0|1|F07805674/0001-02|55|00|001|62553|23190107805674000102550010000625531865564104|23012019|24012019|304,05|0|0,00|0,00|304,05|1|0,00|0,00|0,00|0,00|0,00|0,00|0,00|0,00|0,00|0,00|||
|C170|1|8035||1,000|PC|304,05|0,00|0|090|1556|0000000005|0,00|0,00|0,00|0,00|0,00|0,00|0|49||0,00|0,00|0,00||||||||||||||0,00|
|C190|090|1556|0,00|304,05|0,00|0,00|0,00|0,00|0,00|0,00||
|C195|55||
|C100|0|1|F07793656000158|55|00|001|13908|23190107793656000158550010000139081200086281|25012019|25012019|120,00|2|0,00|0,00|120,00|1|0,00|0,00|0,00|0,00|0,00|0,00|0,00|0,00|0,00|0,00|||
|C170|1|8035||1,000|PC|120,00|0,00|0|090|1556||0,00|0,00|0,00|0,00|0,00|0,00|0|49||0,00|0,00|0,00||||||||||||||0,00|
|C190|090|1556|0,00|120,00|0,00|0,00|0,00|0,00|0,00|0,00||
|C100|0|1|F10230480/0006-45|55|00|010|171912|26181110230480000645550100001719121028828337|06112018|28012019|763,41|2|0,00|0,00|763,41|9|0,00|0,00|0,00|763,41|91,61|0,00|0,00|0,00|0,00|0,00|||
|C110|10||
|C113|1|0|C10230480/0006-45|55|1||3644|24102018|23181023159702000118550010000036441530306750|
|C170|1|001912||2,000|UN|117,06|0,00|0|000|2201||117,06|12,00|14,05|0,00|0,00|0,00|0|49||0,00|0,00|0,00||||||||||||||0,00|
|C170|2|005378||3,000|UN|175,59|0,00|0|000|2201||175,59|12,00|21,07|0,00|0,00|0,00|0|49||0,00|0,00|0,00||||||||||||||0,00|
|C170|3|001175||3,000|UN|470,76|0,00|0|000|2201||470,76|12,00|56,49|0,00|0,00|0,00|0|49||0,00|0,00|0,00||||||||||||||0,00|
|C190|000|2201|12,00|763,41|763,41|91,61|0,00|0,00|0,00|0,00||
|C195|56||
|C100|0|0|FF172349060920181|55|00|001|4233|23190123159702000118550010000042331905806060|31012019|31012019|14508,12|0|0,00|0,00|14508,12|0|0,00|0,00|4661,72|14218,74|2559,38|0,00|0,00|0,00|0,00|0,00|||
|C190|100|3101|18,00|14508,12|14218,74|2559,38|0,00|0,00|0,00|0,00||
|C195|57||
|C100|1|0|C06171540315|55|00|001|4068|23190123159702000118550010000040681569814036|09012019|09012019|29000,00|2|0,00|0,00|29000,00|0|0,00|0,00|0,00|0,00|0,00|0,00|0,00|0,00|0,00|0,00|||
|C110|11||
|C190|041|5551|0,00|29000,00|0,00|0,00|0,00|0,00|0,00|0,00||
|C195|58||
|C100|1|0|C01438784/0043-56|55|00|001|4069|23190123159702000118550010000040691214655868|09012019|09012019|10078,74|1|0,00|0,00|10078,74|0|0,00|0,00|0,00|9598,80|1727,78|0,00|0,00|479,94|0,00|0,00|||
|C190|000|5101|18,00|10078,74|9598,80|1727,78|0,00|0,00|0,00|479,94||
|C195|59||
|C100|1|0|C02999105/0001-21|55|00|001|4070|23190123159702000118550010000040701316413147|10012019|10012019|1552,23|1|0,00|0,00|1552,23|0|0,00|0,00|0,00|1478,32|177,39|0,00|0,00|73,91|0,00|0,00|||
|C190|000|6101|12,00|1552,23|1478,32|177,39|0,00|0,00|0,00|73,91||
|C195|60||
|C100|1|0|C07342785/0001-20|55|00|001|4071|23190123159702000118550010000040711795609079|11012019|11012019|120,00|0|0,00|0,00|120,00|0|0,00|0,00|0,00|0,00|0,00|0,00|0,00|0,00|0,00|0,00|||
|C110|12||
|C113|0|1|F07342785000120|55|1||414927|09012019|23190107342785000120550010004149271121009010|
|C190|000|5556|0,00|120,00|0,00|0,00|0,00|0,00|0,00|0,00||
|C195|61||
|C100|1|0|C03656804/0021-85|55|00|001|4072|23190123159702000118550010000040721189211065|11012019|11012019|6500,00|1|0,00|0,00|6500,00|0|0,00|0,00|0,00|6500,00|1170,00|0,00|0,00|0,00|0,00|0,00|||
|C190|000|5101|18,00|6500,00|6500,00|1170,00|0,00|0,00|0,00|0,00||
|C195|62||
|C100|1|0|C03656804/0021-85|55|00|001|4074|23190123159702000118550010000040741144296910|14012019|14012019|1977,50|0|0,00|0,00|1977,50|0|0,00|0,00|0,00|0,00|0,00|0,00|0,00|27,50|0,00|0,00|||
|C190|090|5912|0,00|1977,50|0,00|0,00|0,00|0,00|0,00|27,50||
|C195|63||
|C100|1|0|C39344569/0001-00|55|00|001|4075|23190123159702000118550010000040751111011124|14012019|14012019|3768,72|1|0,00|0,00|3768,72|0|0,00|0,00|0,00|3768,72|452,25|0,00|0,00|0,00|0,00|0,00|||
|C190|000|6101|12,00|3768,72|3768,72|452,25|0,00|0,00|0,00|0,00||
|C195|64||
|C100|1|0|C12746673/0002-55|55|00|001|4076|23190123159702000118550010000040761337355123|14012019|14012019|10465,19|1|0,00|0,00|10465,19|0|0,00|0,00|0,00|9966,84|1196,02|0,00|0,00|498,35|0,00|0,00|||
|C190|000|6101|12,00|10465,19|9966,84|1196,02|0,00|0,00|0,00|498,35||
|C195|65||
|C100|1|0|C08293785/0001-40|55|00|001|4077|23190123159702000118550010000040771049320933|14012019|14012019|5692,00|1|0,00|0,00|5692,00|0|0,00|0,00|0,00|5692,00|683,04|0,00|0,00|0,00|0,00|0,00|||
|C190|000|6101|12,00|5692,00|5692,00|683,04|0,00|0,00|0,00|0,00||
|C195|66||
|C100|1|0|C08293785/0001-40|55|00|001|4078|23190123159702000118550010000040781687843393|14012019|14012019|432,18|0|0,00|0,00|432,18|0|0,00|0,00|0,00|0,00|0,00|0,00|0,00|0,00|0,00|0,00|||
|C190|090|6912|0,00|432,18|0,00|0,00|0,00|0,00|0,00|0,00||
|C195|67||
|C100|1|0|C03555402/0001-40|55|00|001|4079|23190123159702000118550010000040791220474213|14012019|14012019|38706,55|1|0,00|0,00|38706,55|0|0,00|0,00|0,00|36878,36|4425,41|0,00|0,00|1828,19|0,00|0,00|||
|C190|000|6101|12,00|38706,55|36878,36|4425,41|0,00|0,00|0,00|1828,19||
|C195|68||
|C100|1|0|C03555402/0001-40|55|00|001|4080|23190123159702000118550010000040801902386760|14012019|14012019|638,87|0|0,00|0,00|638,87|0|0,00|0,00|0,00|0,00|0,00|0,00|0,00|0,00|0,00|0,00|||
|C110|13||
|C113|0|1|F03555402/0001-40|55|1||193035|03082018|27180803555402000140550010001930351121003082|
|C190|041|6916|0,00|638,87|0,00|0,00|0,00|0,00|0,00|0,00||
|C195|69||
|C100|1|0|C03656804/0007-27|55|00|001|4081|23190123159702000118550010000040811893797623|14012019|14012019|60050,17|1|0,00|0,00|60050,17|0|0,00|0,00|0,00|58324,89|6999,00|0,00|0,00|1725,28|0,00|0,00|||
|C190|000|6101|12,00|60050,17|58324,89|6999,00|0,00|0,00|0,00|1725,28||
|C195|70||
|C100|1|0|C10230480/0018-89|55|00|001|4082|23190123159702000118550010000040821336073458|14012019|14012019|5958,34|1|0,00|0,00|5958,34|0|0,00|0,00|0,00|5674,60|680,95|0,00|0,00|283,74|0,00|0,00|||
|C190|000|6101|12,00|5958,34|5674,60|680,95|0,00|0,00|0,00|283,74||
|C195|71||
|C100|1|0|C10230480/0023-46|55|00|001|4083|23190123159702000118550010000040831197442686|14012019|14012019|33043,27|1|0,00|0,00|33043,27|0|0,00|0,00|0,00|31529,15|3783,49|0,00|0,00|1514,12|0,00|0,00|||
|C190|000|6101|12,00|33043,27|31529,15|3783,49|0,00|0,00|0,00|1514,12||
|C195|72||
|C100|1|0|C10230480/0011-02|55|00|001|4084|23190123159702000118550010000040841973808208|14012019|14012019|25394,35|1|0,00|0,00|25394,35|0|0,00|0,00|0,00|24307,69|2916,92|0,00|0,00|1086,66|0,00|0,00|||
|C190|000|6101|12,00|25394,35|24307,69|2916,92|0,00|0,00|0,00|1086,66||
|C195|73||
|C100|1|0|C08403578/0008-77|55|00|001|4085|23190123159702000118550010000040851774966277|15012019|15012019|8400,00|1|0,00|0,00|8400,00|0|0,00|0,00|0,00|8400,00|1008,00|0,00|0,00|0,00|0,00|0,00|||
|C190|000|6101|12,00|8400,00|8400,00|1008,00|0,00|0,00|0,00|0,00||
|C195|74||
|C100|1|0|C08403578/0008-77|55|00|001|4086|23190123159702000118550010000040861400027414|15012019|15012019|13833,08|1|0,00|0,00|13833,08|0|0,00|0,00|0,00|13833,08|1659,97|0,00|0,00|0,00|0,00|0,00|||
|C190|000|6101|12,00|13833,08|13833,08|1659,97|0,00|0,00|0,00|0,00||
|C195|75||
|C100|1|0|C08403578/0012-53|55|00|001|4087|23190123159702000118550010000040871353995046|15012019|15012019|8400,00|1|0,00|0,00|8400,00|0|0,00|0,00|0,00|8400,00|1008,00|0,00|0,00|0,00|0,00|0,00|||
|C190|000|6101|12,00|8400,00|8400,00|1008,00|0,00|0,00|0,00|0,00||
|C195|76||
|C100|1|0|C08403578/0012-53|55|00|001|4088|23190123159702000118550010000040881327760816|15012019|15012019|14610,84|1|0,00|0,00|14610,84|0|0,00|0,00|0,00|14610,84|1753,29|0,00|0,00|0,00|0,00|0,00|||
|C190|000|6101|12,00|14610,84|14610,84|1753,29|0,00|0,00|0,00|0,00||
|C195|77||
|C100|1|0|C04201876/0001-57|55|00|001|4089|23190123159702000118550010000040891206833330|15012019|15012019|5670,00|1|0,00|0,00|5670,00|0|0,00|0,00|0,00|5670,00|680,40|0,00|0,00|0,00|0,00|0,00|||
|C190|000|6101|12,00|5670,00|5670,00|680,40|0,00|0,00|0,00|0,00||
|C195|78||
|C100|1|0|C10230480/0006-45|55|00|001|4090|23190123159702000118550010000040901854788138|15012019|15012019|8680,35|1|0,00|0,00|8680,35|0|0,00|0,00|0,00|8267,00|992,04|0,00|0,00|413,35|0,00|0,00|||
|C190|000|6101|12,00|8680,35|8267,00|992,04|0,00|0,00|0,00|413,35||
|C195|79||
|C100|1|0|C10230480/0015-36|55|00|001|4091|23190123159702000118550010000040911664350473|15012019|15012019|18524,88|1|0,00|0,00|18524,88|0|0,00|0,00|0,00|17676,28|2121,16|0,00|0,00|848,60|0,00|0,00|||
|C190|000|6101|12,00|18524,88|17676,28|2121,16|0,00|0,00|0,00|848,60||
|C195|80||
|C100|1|0|C10230480/0015-36|55|00|001|4092|23190123159702000118550010000040921916618014|15012019|15012019|12401,70|1|0,00|0,00|12401,70|0|0,00|0,00|0,00|12401,70|1488,20|0,00|0,00|0,00|0,00|0,00|||
|C190|000|6101|12,00|12401,70|12401,70|1488,20|0,00|0,00|0,00|0,00||
|C195|81||
|C100|1|0|C10230480/0006-45|55|00|001|4093|23190123159702000118550010000040931304620309|15012019|15012019|9925,52|1|0,00|0,00|9925,52|0|0,00|0,00|0,00|9925,52|1191,05|0,00|0,00|0,00|0,00|0,00|||
|C190|000|6101|12,00|9925,52|9925,52|1191,05|0,00|0,00|0,00|0,00||
|C195|82||
|C100|1|0|C10230480/0023-46|55|00|001|4094|23190123159702000118550010000040941232450795|15012019|15012019|9982,90|1|0,00|0,00|9982,90|0|0,00|0,00|0,00|9982,90|1197,94|0,00|0,00|0,00|0,00|0,00|||
|C190|000|6101|12,00|9982,90|9982,90|1197,94|0,00|0,00|0,00|0,00||
|C195|83||
|C100|1|0|C10230480/0011-02|55|00|001|4095|23190123159702000118550010000040951563978891|15012019|15012019|47747,25|1|0,00|0,00|47747,25|0|0,00|0,00|0,00|47747,25|5729,60|0,00|0,00|0,00|0,00|0,00|||
|C190|000|6101|12,00|47747,25|47747,25|5729,60|0,00|0,00|0,00|0,00||
|C195|84||
|C100|1|0|C13509849/0001-37|55|00|001|4097|23190123159702000118550010000040971447473490|15012019|15012019|16043,42|1|0,00|0,00|16043,42|0|0,00|0,00|0,00|15549,72|1865,95|0,00|0,00|493,70|0,00|0,00|||
|C190|000|6101|12,00|16043,42|15549,72|1865,95|0,00|0,00|0,00|493,70||
|C195|85||
|C100|1|0|C05469356/0001-92|55|00|001|4098|23190123159702000118550010000040981452405127|15012019|15012019|4905,19|1|0,00|0,00|4905,19|0|0,00|0,00|0,00|4671,60|560,59|0,00|0,00|233,59|0,00|0,00|||
|C190|000|6101|12,00|4905,19|4671,60|560,59|0,00|0,00|0,00|233,59||
|C195|86||
|C100|1|0|C05463734/0001-20|55|00|001|4099|23190123159702000118550010000040991172050776|15012019|15012019|4905,19|1|0,00|0,00|4905,19|0|0,00|0,00|0,00|4671,60|560,59|0,00|0,00|233,59|0,00|0,00|||
|C190|000|6101|12,00|4905,19|4671,60|560,59|0,00|0,00|0,00|233,59||
|C195|87||
|C100|1|0|C04015034/0001-00|55|00|001|4100|23190123159702000118550010000041001764665361|15012019|15012019|4906,56|1|0,00|0,00|4906,56|0|0,00|0,00|0,00|4672,90|560,74|0,00|0,00|233,66|0,00|0,00|||
|C190|000|6101|12,00|4906,56|4672,90|560,74|0,00|0,00|0,00|233,66||
|C195|88||
|C100|1|0|C83817858/0067-05|55|00|001|4101|23190123159702000118550010000041011235124623|15012019|15012019|1139,12|1|0,00|0,00|1139,12|0|0,00|0,00|0,00|1139,12|136,70|0,00|0,00|0,00|0,00|0,00|||
|C190|000|6101|12,00|1139,12|1139,12|136,70|0,00|0,00|0,00|0,00||
|C195|89||
|C100|1|0|C13509849/0001-37|55|00|001|4102|23190123159702000118550010000041021718378546|15012019|15012019|1295,39|0|0,00|0,00|1295,39|0|0,00|0,00|0,00|1233,70|148,04|0,00|0,00|61,69|0,00|0,00|||
|C190|000|6910|12,00|1295,39|1233,70|148,04|0,00|0,00|0,00|61,69||
|C195|90||
|C100|1|0|C08403578/0008-77|55|00|001|4103|23190123159702000118550010000041031200211613|15012019|15012019|4609,92|0|0,00|0,00|4609,92|0|0,00|0,00|0,00|4609,92|553,18|0,00|0,00|0,00|0,00|0,00|||
|C190|000|6910|12,00|4609,92|4609,92|553,18|0,00|0,00|0,00|0,00||
|C195|91||
|C100|1|0|C08403578/0008-77|55|00|001|4104|23190123159702000118550010000041041609050196|15012019|15012019|2973,25|0|0,00|0,00|2973,25|0|0,00|0,00|0,00|0,00|0,00|0,00|0,00|8,25|0,00|0,00|||
|C190|090|6912|0,00|2973,25|0,00|0,00|0,00|0,00|0,00|8,25||
|C195|92||
|C100|1|0|C08403578/0008-77|55|00|001|4105|23190123159702000118550010000041051205546502|15012019|15012019|2016,84|0|0,00|0,00|2016,84|0|0,00|0,00|0,00|2016,84|242,02|0,00|0,00|0,00|0,00|0,00|||
|C190|000|6910|12,00|2016,84|2016,84|242,02|0,00|0,00|0,00|0,00||
|C195|93||
|C100|1|0|C08403578/0012-53|55|00|001|4106|23190123159702000118550010000041061347793736|15012019|15012019|1457,75|0|0,00|0,00|1457,75|0|0,00|0,00|0,00|0,00|0,00|0,00|0,00|2,75|0,00|0,00|||
|C190|090|6912|0,00|1457,75|0,00|0,00|0,00|0,00|0,00|2,75||
|C195|94||
|C100|1|0|C83817858/0037-81|55|00|001|4107|23190123159702000118550010000041071257079870|15012019|15012019|214,12|1|0,00|0,00|214,12|0|0,00|0,00|0,00|214,12|25,69|0,00|0,00|0,00|0,00|0,00|||
|C190|000|6101|12,00|214,12|214,12|25,69|0,00|0,00|0,00|0,00||
|C195|95||
|C100|1|0|C83817858/0037-81|55|00|001|4108|23190123159702000118550010000041081127354150|15012019|15012019|10521,28|1|0,00|0,00|10521,28|0|0,00|0,00|0,00|10020,27|1202,43|0,00|0,00|501,01|0,00|0,00|||
|C190|000|6101|12,00|10521,28|10020,27|1202,43|0,00|0,00|0,00|501,01||
|C195|96||
|C100|1|0|C83817858/0038-62|55|00|001|4109|23190123159702000118550010000041091881438685|15012019|15012019|7575,07|1|0,00|0,00|7575,07|0|0,00|0,00|0,00|7251,87|870,23|0,00|0,00|323,20|0,00|0,00|||
|C190|000|6101|12,00|7575,07|7251,87|870,23|0,00|0,00|0,00|323,20||
|C195|97||
|C100|1|0|C83817858/0038-62|55|00|001|4110|23190123159702000118550010000041101633091813|15012019|15012019|1820,72|1|0,00|0,00|1820,72|0|0,00|0,00|0,00|1744,22|209,30|0,00|0,00|76,50|0,00|0,00|||
|C190|000|6101|12,00|1820,72|1744,22|209,30|0,00|0,00|0,00|76,50||
|C195|98||
|C100|1|0|C01438784/0043-56|55|00|001|4111|23190123159702000118550010000041111528571891|15012019|15012019|4139,24|0|0,00|0,00|4139,24|0|0,00|0,00|0,00|0,00|0,00|0,00|0,00|0,00|0,00|0,00|||
|C190|090|5912|0,00|4139,24|0,00|0,00|0,00|0,00|0,00|0,00||
|C195|99||
|C100|1|0|C09267050/0004-57|55|00|001|4112|23190123159702000118550010000041121558674742|16012019|16012019|22565,20|1|0,00|0,00|22565,20|0|0,00|0,00|0,00|22070,00|3972,61|0,00|0,00|495,20|0,00|0,00|||
|C190|000|5101|18,00|22565,20|22070,00|3972,61|0,00|0,00|0,00|495,20||
|C195|100||
|C100|1|0|C09267050/0004-57|55|00|001|4113|23190123159702000118550010000041131835682946|16012019|16012019|961,32|1|0,00|0,00|961,32|0|0,00|0,00|0,00|961,32|173,04|0,00|0,00|0,00|0,00|0,00|||
|C190|000|5101|18,00|961,32|961,32|173,04|0,00|0,00|0,00|0,00||
|C195|101||
|C100|1|0|C83817858/0067-05|55|00|001|4114|23190123159702000118550010000041141509354033|16012019|16012019|1114,15|1|0,00|0,00|1114,15|0|0,00|0,00|0,00|1061,10|127,33|0,00|0,00|53,05|0,00|0,00|||
|C190|000|6101|12,00|1114,15|1061,10|127,33|0,00|0,00|0,00|53,05||
|C195|102||
|C100|1|0|C23749548000134|55|00|001|4115|23190123159702000118550010000041151302399493|16012019|16012019|5078,46|1|0,00|0,00|5078,46|0|0,00|0,00|0,00|4889,75|586,78|0,00|0,00|188,71|0,00|0,00|||
|C190|000|6101|12,00|5078,46|4889,75|586,78|0,00|0,00|0,00|188,71||
|C195|103||
|C100|1|0|C23749548000134|55|00|001|4116|23190123159702000118550010000041161417939633|16012019|16012019|231,00|0|0,00|0,00|231,00|0|0,00|0,00|0,00|0,00|0,00|0,00|0,00|11,00|0,00|0,00|||
|C190|090|6912|0,00|231,00|0,00|0,00|0,00|0,00|0,00|11,00||
|C195|104||
|C100|1|0|C01438784/0054-09|55|00|001|4117|23190123159702000118550010000041171025822855|17012019|17012019|763,40|1|0,00|0,00|763,40|0|0,00|0,00|0,00|727,05|87,25|0,00|0,00|36,35|0,00|0,00|||
|C190|000|6101|12,00|763,40|727,05|87,25|0,00|0,00|0,00|36,35||
|C195|105||
|C100|1|0|C01438784/0054-09|55|00|001|4118|23190123159702000118550010000041181391337105|17012019|17012019|2851,80|0|0,00|0,00|2851,80|0|0,00|0,00|0,00|0,00|0,00|0,00|0,00|0,00|0,00|0,00|||
|C190|090|6912|0,00|2851,80|0,00|0,00|0,00|0,00|0,00|0,00||
|C195|106||
|C100|1|0|C14073092/0011-16|55|00|001|4119|23190123159702000118550010000041191181236075|18012019|18012019|6702,00|1|0,00|0,00|6702,00|0|0,00|0,00|0,00|6702,00|804,24|0,00|0,00|0,00|0,00|0,00|||
|C190|000|6101|12,00|6702,00|6702,00|804,24|0,00|0,00|0,00|0,00||
|C195|107||
|C100|1|0|C12667558000104|55|00|001|4120|23190123159702000118550010000041201165696840|18012019|18012019|432,18|1|0,00|0,00|432,18|0|0,00|0,00|0,00|432,18|51,86|0,00|0,00|0,00|0,00|0,00|||
|C190|000|6101|12,00|432,18|432,18|51,86|0,00|0,00|0,00|0,00||
|C195|108||
|C100|1|0|C01438784/0043-56|55|00|001|4121|23190123159702000118550010000041211746398004|21012019|21012019|32840,00|1|0,00|0,00|32840,00|0|0,00|0,00|0,00|32840,00|5911,20|0,00|0,00|0,00|0,00|0,00|||
|C190|000|5101|18,00|32840,00|32840,00|5911,20|0,00|0,00|0,00|0,00||
|C195|109||
|C100|1|0|C05059270/0001-91|55|00|001|4123|23190123159702000118550010000041231281711860|22012019|22012019|6072,81|1|0,00|0,00|6072,81|0|0,00|0,00|0,00|6072,81|728,74|0,00|0,00|0,00|0,00|0,00|||
|C190|000|6101|12,00|6072,81|6072,81|728,74|0,00|0,00|0,00|0,00||
|C195|110||
|C100|1|0|C05059270/0001-91|55|00|001|4124|23190123159702000118550010000041241397915930|22012019|22012019|328,26|0|0,00|0,00|328,26|0|0,00|0,00|0,00|328,26|39,39|0,00|0,00|0,00|0,00|0,00|||
|C190|000|6910|12,00|328,26|328,26|39,39|0,00|0,00|0,00|0,00||
|C195|111||
|C100|1|0|C05059270/0001-91|55|00|001|4125|23190123159702000118550010000041251359423802|22012019|22012019|4103,25|1|0,00|0,00|4103,25|0|0,00|0,00|0,00|4103,25|492,39|0,00|0,00|0,00|0,00|0,00|||
|C190|000|6101|12,00|4103,25|4103,25|492,39|0,00|0,00|0,00|0,00||
|C195|112||
|C100|1|0|C05059270/0001-91|55|00|001|4126|23190123159702000118550010000041261816805548|22012019|22012019|164,13|0|0,00|0,00|164,13|0|0,00|0,00|0,00|164,13|19,70|0,00|0,00|0,00|0,00|0,00|||
|C190|000|6910|12,00|164,13|164,13|19,70|0,00|0,00|0,00|0,00||
|C195|113||
|C100|1|0|C83817858/0046-72|55|00|001|4127|23190123159702000118550010000041271702235146|22012019|22012019|2338,08|1|0,00|0,00|2338,08|0|0,00|0,00|0,00|2338,08|280,56|0,00|0,00|0,00|0,00|0,00|||
|C190|000|6101|12,00|2338,08|2338,08|280,56|0,00|0,00|0,00|0,00||
|C195|114||
|C100|1|0|C83817858/0046-72|55|00|001|4128|23190123159702000118550010000041281257201942|22012019|22012019|387,81|1|0,00|0,00|387,81|0|0,00|0,00|0,00|369,34|44,32|0,00|0,00|18,47|0,00|0,00|||
|C190|000|6101|12,00|387,81|369,34|44,32|0,00|0,00|0,00|18,47||
|C195|115||
|C100|1|0|C83817858/0048-34|55|00|001|4129|23190123159702000118550010000041291115718535|22012019|22012019|214,12|1|0,00|0,00|214,12|0|0,00|0,00|0,00|214,12|25,69|0,00|0,00|0,00|0,00|0,00|||
|C190|000|6101|12,00|214,12|214,12|25,69|0,00|0,00|0,00|0,00||
|C195|116||
|C100|1|0|C83817858/0048-34|55|00|001|4130|23190123159702000118550010000041301127075430|22012019|22012019|2831,99|1|0,00|0,00|2831,99|0|0,00|0,00|0,00|2724,05|326,89|0,00|0,00|107,94|0,00|0,00|||
|C190|000|6101|12,00|2831,99|2724,05|326,89|0,00|0,00|0,00|107,94||
|C195|117||
|C100|1|0|C83817858/0045-91|55|00|001|4131|23190123159702000118550010000041311416775854|22012019|22012019|2249,60|1|0,00|0,00|2249,60|0|0,00|0,00|0,00|2249,60|269,95|0,00|0,00|0,00|0,00|0,00|||
|C190|000|6101|12,00|2249,60|2249,60|269,95|0,00|0,00|0,00|0,00||
|C195|118||
|C100|1|0|C83817858/0043-20|55|00|001|4132|23190123159702000118550010000041321545243228|22012019|22012019|428,24|1|0,00|0,00|428,24|0|0,00|0,00|0,00|428,24|51,38|0,00|0,00|0,00|0,00|0,00|||
|C190|000|6101|12,00|428,24|428,24|51,38|0,00|0,00|0,00|0,00||
|C195|119||
|C100|1|0|C83817858/0045-91|55|00|001|4133|23190123159702000118550010000041331983080530|22012019|22012019|214,12|1|0,00|0,00|214,12|0|0,00|0,00|0,00|214,12|25,69|0,00|0,00|0,00|0,00|0,00|||
|C190|000|6101|12,00|214,12|214,12|25,69|0,00|0,00|0,00|0,00||
|C195|120||
|C100|1|0|C09267050/0004-57|55|00|001|4134|23190123159702000118550010000041341469329672|22012019|22012019|1680,00|1|0,00|0,00|1680,00|0|0,00|0,00|0,00|1680,00|302,40|0,00|0,00|0,00|0,00|0,00|||
|C190|000|5101|18,00|1680,00|1680,00|302,40|0,00|0,00|0,00|0,00||
|C195|121||
|C100|1|0|C83817858/0041-68|55|00|001|4135|23190123159702000118550010000041351645506389|23012019|23012019|1478,88|1|0,00|0,00|1478,88|0|0,00|0,00|0,00|1478,88|266,20|0,00|0,00|0,00|0,00|0,00|||
|C190|000|5101|18,00|1478,88|1478,88|266,20|0,00|0,00|0,00|0,00||
|C195|122||
|C100|1|0|C83817858/0040-87|55|00|001|4136|23190123159702000118550010000041361588771004|23012019|23012019|2560,76|1|0,00|0,00|2560,76|0|0,00|0,00|0,00|2560,76|460,93|0,00|0,00|0,00|0,00|0,00|||
|C190|000|5101|18,00|2560,76|2560,76|460,93|0,00|0,00|0,00|0,00||
|C195|123||
|C100|1|0|C83817858/0041-68|55|00|001|4137|23190123159702000118550010000041371255168459|23012019|23012019|4832,20|1|0,00|0,00|4832,20|0|0,00|0,00|0,00|4643,22|835,78|0,00|0,00|188,98|0,00|0,00|||
|C190|000|5101|18,00|4832,20|4643,22|835,78|0,00|0,00|0,00|188,98||
|C195|124||
|C100|1|0|C83817858/0040-87|55|00|001|4138|23190123159702000118550010000041381487505745|23012019|23012019|2515,41|1|0,00|0,00|2515,41|0|0,00|0,00|0,00|2507,38|451,32|0,00|0,00|8,03|0,00|0,00|||
|C190|000|5101|18,00|2515,41|2507,38|451,32|0,00|0,00|0,00|8,03||
|C195|125||
|C100|1|0|C83817858/0040-87|55|00|001|4139|23190123159702000118550010000041391670965951|23012019|23012019|3134,63|1|0,00|0,00|3134,63|0|0,00|0,00|0,00|3063,60|551,44|0,00|0,00|71,03|0,00|0,00|||
|C190|000|5101|18,00|3134,63|3063,60|551,44|0,00|0,00|0,00|71,03||
|C195|126||
|C100|1|0|C17523384000120|55|00|001|4140|23190123159702000118550010000041401230492649|23012019|23012019|7987,52|1|0,00|0,00|7987,52|0|0,00|0,00|0,00|7987,52|1437,74|0,00|0,00|0,00|0,00|0,00|||
|C190|000|5101|18,00|7987,52|7987,52|1437,74|0,00|0,00|0,00|0,00||
|C195|127||
|C100|1|0|C10486051/0001-29|55|00|001|4141|23190123159702000118550010000041411423696707|23012019|23012019|1531,79|1|0,00|0,00|1531,79|0|0,00|0,00|0,00|1458,84|262,59|0,00|0,00|72,95|0,00|0,00|||
|C190|000|5101|18,00|1531,79|1458,84|262,59|0,00|0,00|0,00|72,95||
|C195|128||
|C100|1|0|C01438784/0012-50|55|00|001|4142|23190123159702000118550010000041421220938762|23012019|23012019|5292,00|1|0,00|0,00|5292,00|0|0,00|0,00|0,00|5292,00|635,04|0,00|0,00|0,00|0,00|0,00|||
|C190|000|6101|12,00|5292,00|5292,00|635,04|0,00|0,00|0,00|0,00||
|C195|129||
|C100|1|0|C01438784/0012-50|55|00|001|4143|23190123159702000118550010000041431238056319|23012019|23012019|1058,40|1|0,00|0,00|1058,40|0|0,00|0,00|0,00|1058,40|127,01|0,00|0,00|0,00|0,00|0,00|||
|C190|000|6101|12,00|1058,40|1058,40|127,01|0,00|0,00|0,00|0,00||
|C195|130||
|C100|1|0|C01438784/0002-88|55|00|001|4144|23190123159702000118550010000041441472744690|23012019|23012019|2822,40|1|0,00|0,00|2822,40|0|0,00|0,00|0,00|2822,40|338,69|0,00|0,00|0,00|0,00|0,00|||
|C190|000|6101|12,00|2822,40|2822,40|338,69|0,00|0,00|0,00|0,00||
|C195|131||
|C100|1|0|C01438784/0025-74|55|00|001|4145|23190123159702000118550010000041451243906400|23012019|23012019|1097,40|1|0,00|0,00|1097,40|0|0,00|0,00|0,00|1097,40|131,69|0,00|0,00|0,00|0,00|0,00|||
|C190|000|6101|12,00|1097,40|1097,40|131,69|0,00|0,00|0,00|0,00||
|C195|132||
|C100|1|0|C01438784/0063-08|55|00|001|4146|23190123159702000118550010000041461252640636|23012019|23012019|5997,60|1|0,00|0,00|5997,60|0|0,00|0,00|0,00|5997,60|719,71|0,00|0,00|0,00|0,00|0,00|||
|C190|000|6101|12,00|5997,60|5997,60|719,71|0,00|0,00|0,00|0,00||
|C195|133||
|C100|1|0|C01438784000440|55|00|001|4147|23190123159702000118550010000041471409846539|23012019|23012019|12083,40|1|0,00|0,00|12083,40|0|0,00|0,00|0,00|12083,40|1450,01|0,00|0,00|0,00|0,00|0,00|||
|C190|000|6101|12,00|12083,40|12083,40|1450,01|0,00|0,00|0,00|0,00||
|C195|134||
|C100|1|0|C01438784/0014-11|55|00|001|4148|23190123159702000118550010000041481756885971|23012019|23012019|2909,55|0|0,00|0,00|2909,55|0|0,00|0,00|0,00|0,00|0,00|0,00|0,00|2,75|0,00|0,00|||
|C190|090|6912|0,00|2909,55|0,00|0,00|0,00|0,00|0,00|2,75||
|C195|135||
|C100|1|0|C01438784/0040-03|55|00|001|4149|23190123159702000118550010000041491329697108|23012019|23012019|2920,05|0|0,00|0,00|2920,05|0|0,00|0,00|0,00|0,00|0,00|0,00|0,00|3,25|0,00|0,00|||
|C190|090|6912|0,00|2920,05|0,00|0,00|0,00|0,00|0,00|3,25||
|C195|136||
|C100|1|0|C01438784/0023-02|55|00|001|4150|23190123159702000118550010000041501335544076|23012019|23012019|2155,65|0|0,00|0,00|2155,65|0|0,00|0,00|0,00|0,00|0,00|0,00|0,00|3,25|0,00|0,00|||
|C190|000|6912|0,00|2087,40|0,00|0,00|0,00|0,00|0,00|0,00||
|C190|090|6912|0,00|68,25|0,00|0,00|0,00|0,00|0,00|3,25||
|C195|135||
|C100|1|0|C01438784/0013-30|55|00|001|4151|23190123159702000118550010000041511102977163|23012019|23012019|1891,05|0|0,00|0,00|1891,05|0|0,00|0,00|0,00|0,00|0,00|0,00|0,00|3,25|0,00|0,00|||
|C190|000|6912|0,00|1822,80|0,00|0,00|0,00|0,00|0,00|0,00||
|C190|090|6912|0,00|68,25|0,00|0,00|0,00|0,00|0,00|3,25||
|C195|135||
|C100|1|0|C01438784/0012-50|55|00|001|4152|23190123159702000118550010000041521036636968|23012019|23012019|1097,25|0|0,00|0,00|1097,25|0|0,00|0,00|0,00|0,00|0,00|0,00|0,00|3,25|0,00|0,00|||
|C190|000|6912|0,00|1029,00|0,00|0,00|0,00|0,00|0,00|0,00||
|C190|090|6912|0,00|68,25|0,00|0,00|0,00|0,00|0,00|3,25||
|C195|135||
|C100|1|0|C01438784/0046-07|55|00|001|4153|23190123159702000118550010000041531186932675|23012019|23012019|3124,80|0|0,00|0,00|3124,80|0|0,00|0,00|0,00|0,00|0,00|0,00|0,00|13,00|0,00|0,00|||
|C190|000|6912|0,00|2851,80|0,00|0,00|0,00|0,00|0,00|0,00||
|C190|090|6912|0,00|273,00|0,00|0,00|0,00|0,00|0,00|13,00||
|C195|135||
|C100|1|0|C01438784/0021-40|55|00|001|4154|23190123159702000118550010000041541093865363|23012019|23012019|2920,05|0|0,00|0,00|2920,05|0|0,00|0,00|0,00|0,00|0,00|0,00|0,00|3,25|0,00|0,00|||
|C190|090|6912|0,00|2920,05|0,00|0,00|0,00|0,00|0,00|3,25||
|C195|135||
|C100|1|0|C01438784/0002-88|55|00|001|4155|23190123159702000118550010000041551967926842|23012019|23012019|1029,00|0|0,00|0,00|1029,00|0|0,00|0,00|0,00|1029,00|123,47|0,00|0,00|0,00|0,00|0,00|||
|C190|000|6910|12,00|1029,00|1029,00|123,47|0,00|0,00|0,00|0,00||
|C195|137||
|C100|1|0|C83817858/0053-00|55|00|001|4156|23190123159702000118550010000041561311578276|23012019|23012019|1589,88|1|0,00|0,00|1589,88|0|0,00|0,00|0,00|1589,88|190,79|0,00|0,00|0,00|0,00|0,00|||
|C190|000|6101|12,00|1589,88|1589,88|190,79|0,00|0,00|0,00|0,00||
|C195|138||
|C100|1|0|C83817858/0052-10|55|00|001|4157|23190123159702000118550010000041571086053873|23012019|23012019|565,24|1|0,00|0,00|565,24|0|0,00|0,00|0,00|565,24|67,83|0,00|0,00|0,00|0,00|0,00|||
|C190|000|6101|12,00|565,24|565,24|67,83|0,00|0,00|0,00|0,00||
|C195|139||
|C100|1|0|C83817858/0057-25|55|00|001|4158|23190123159702000118550010000041581023990370|23012019|23012019|1130,48|1|0,00|0,00|1130,48|0|0,00|0,00|0,00|1130,48|135,66|0,00|0,00|0,00|0,00|0,00|||
|C190|000|6101|12,00|1130,48|1130,48|135,66|0,00|0,00|0,00|0,00||
|C195|140||
|C100|1|0|C83817858/0058-06|55|00|001|4159|23190123159702000118550010000041591554490066|23012019|23012019|1007,36|1|0,00|0,00|1007,36|0|0,00|0,00|0,00|1007,36|120,88|0,00|0,00|0,00|0,00|0,00|||
|C190|000|6101|12,00|1007,36|1007,36|120,88|0,00|0,00|0,00|0,00||
|C195|141||
|C100|1|0|C83817858/0058-06|55|00|001|4160|23190123159702000118550010000041601705695479|23012019|23012019|1221,48|1|0,00|0,00|1221,48|0|0,00|0,00|0,00|1221,48|146,57|0,00|0,00|0,00|0,00|0,00|||
|C190|000|6101|12,00|1221,48|1221,48|146,57|0,00|0,00|0,00|0,00||
|C195|142||
|C100|1|0|C83817858/0056-44|55|00|001|4161|23190123159702000118550010000041611405569432|23012019|23012019|788,00|1|0,00|0,00|788,00|0|0,00|0,00|0,00|788,00|94,56|0,00|0,00|0,00|0,00|0,00|||
|C190|000|6101|12,00|788,00|788,00|94,56|0,00|0,00|0,00|0,00||
|C195|143||
|C100|1|0|C83817858/0056-44|55|00|001|4162|23190123159702000118550010000041621288555730|23012019|23012019|2920,60|1|0,00|0,00|2920,60|0|0,00|0,00|0,00|2920,60|350,48|0,00|0,00|0,00|0,00|0,00|||
|C190|000|6101|12,00|2920,60|2920,60|350,48|0,00|0,00|0,00|0,00||
|C195|144||
|C100|1|0|C83817858/0055-63|55|00|001|4163|23190123159702000118550010000041631850693661|23012019|23012019|1353,24|1|0,00|0,00|1353,24|0|0,00|0,00|0,00|1353,24|162,39|0,00|0,00|0,00|0,00|0,00|||
|C190|000|6101|12,00|1353,24|1353,24|162,39|0,00|0,00|0,00|0,00||
|C195|145||
|C100|1|0|C83817858/0055-63|55|00|001|4164|23190123159702000118550010000041641462347577|23012019|23012019|3176,36|1|0,00|0,00|3176,36|0|0,00|0,00|0,00|3176,36|381,17|0,00|0,00|0,00|0,00|0,00|||
|C190|000|6101|12,00|3176,36|3176,36|381,17|0,00|0,00|0,00|0,00||
|C195|146||
|C100|1|0|C83817858/0055-63|55|00|001|4165|23190123159702000118550010000041651548911346|23012019|23012019|2637,96|1|0,00|0,00|2637,96|0|0,00|0,00|0,00|2637,96|316,53|0,00|0,00|0,00|0,00|0,00|||
|C190|000|6101|12,00|2637,96|2637,96|316,53|0,00|0,00|0,00|0,00||
|C195|147||
|C100|1|0|C83817858/0051-30|55|00|001|4166|23190123159702000118550010000041661937792051|23012019|23012019|2132,60|1|0,00|0,00|2132,60|0|0,00|0,00|0,00|2132,60|255,92|0,00|0,00|0,00|0,00|0,00|||
|C190|000|6101|12,00|2132,60|2132,60|255,92|0,00|0,00|0,00|0,00||
|C195|148||
|C100|1|0|C83817858/0051-30|55|00|001|4167|23190123159702000118550010000041671944584059|23012019|23012019|2911,96|1|0,00|0,00|2911,96|0|0,00|0,00|0,00|2911,96|349,43|0,00|0,00|0,00|0,00|0,00|||
|C190|000|6101|12,00|2911,96|2911,96|349,43|0,00|0,00|0,00|0,00||
|C195|149||
|C100|1|0|C83817858/0049-15|55|00|001|4168|23190123159702000118550010000041681461323495|23012019|23012019|1139,12|1|0,00|0,00|1139,12|0|0,00|0,00|0,00|1139,12|136,70|0,00|0,00|0,00|0,00|0,00|||
|C190|000|6101|12,00|1139,12|1139,12|136,70|0,00|0,00|0,00|0,00||
|C195|150||
|C100|1|0|C83817858/0049-15|55|00|001|4169|23190123159702000118550010000041691068897152|23012019|23012019|1809,24|1|0,00|0,00|1809,24|0|0,00|0,00|0,00|1809,24|217,11|0,00|0,00|0,00|0,00|0,00|||
|C190|000|6101|12,00|1809,24|1809,24|217,11|0,00|0,00|0,00|0,00||
|C195|151||
|C100|1|0|C83817858/0053-00|55|00|001|4170|23190123159702000118550010000041701868998752|23012019|23012019|1002,12|1|0,00|0,00|1002,12|0|0,00|0,00|0,00|1002,12|120,25|0,00|0,00|0,00|0,00|0,00|||
|C190|000|6101|12,00|1002,12|1002,12|120,25|0,00|0,00|0,00|0,00||
|C195|152||
|C100|1|0|C83817858/0050-59|55|00|001|4171|23190123159702000118550010000041711605428570|23012019|23012019|1695,72|1|0,00|0,00|1695,72|0|0,00|0,00|0,00|1695,72|203,49|0,00|0,00|0,00|0,00|0,00|||
|C190|000|6101|12,00|1695,72|1695,72|203,49|0,00|0,00|0,00|0,00||
|C195|153||
|C100|1|0|C83817858/0050-59|55|00|001|4172|23190123159702000118550010000041721757129874|23012019|23012019|23937,48|1|0,00|0,00|23937,48|0|0,00|0,00|0,00|23937,48|2872,53|0,00|0,00|0,00|0,00|0,00|||
|C190|000|6101|12,00|23937,48|23937,48|2872,53|0,00|0,00|0,00|0,00||
|C195|154||
|C100|1|0|C83817858/0050-59|55|00|001|4173|23190123159702000118550010000041731705363709|23012019|23012019|3614,20|1|0,00|0,00|3614,20|0|0,00|0,00|0,00|3614,20|433,71|0,00|0,00|0,00|0,00|0,00|||
|C190|000|6101|12,00|3614,20|3614,20|433,71|0,00|0,00|0,00|0,00||
|C195|155||
|C100|1|0|C01438784/0019-26|55|00|001|4174|23190123159702000118550010000041741099750846|23012019|23012019|334,56|1|0,00|0,00|334,56|0|0,00|0,00|0,00|334,56|40,15|0,00|0,00|0,00|0,00|0,00|||
|C190|000|6101|12,00|334,56|334,56|40,15|0,00|0,00|0,00|0,00||
|C195|156||
|C100|1|0|C05507986/0001-04|55|00|001|4175|23190123159702000118550010000041751939936211|24012019|24012019|8978,94|1|0,00|0,00|8978,94|0|0,00|0,00|0,00|8551,36|1026,18|0,00|0,00|427,58|0,00|0,00|||
|C190|000|6101|12,00|8978,94|8551,36|1026,18|0,00|0,00|0,00|427,58||
|C195|157||
|C100|1|0|C03656804/0007-27|55|00|001|4177|23190123159702000118550010000041771121399273|24012019|24012019|94529,56|1|0,00|0,00|94529,56|0|0,00|0,00|0,00|94106,59|11292,79|0,00|0,00|422,97|0,00|0,00|||
|C190|000|6101|12,00|94529,56|94106,59|11292,79|0,00|0,00|0,00|422,97||
|C195|158||
|C100|1|0|C09267050/0004-57|55|00|001|4178|23190123159702000118550010000041781925991519|24012019|24012019|720,00|1|0,00|0,00|720,00|0|0,00|0,00|0,00|720,00|129,60|0,00|0,00|0,00|0,00|0,00|||
|C190|000|5101|18,00|720,00|720,00|129,60|0,00|0,00|0,00|0,00||
|C195|159||
|C100|1|0|C09267050/0004-57|55|00|001|4179|23190123159702000118550010000041791780518130|24012019|24012019|59377,05|1|0,00|0,00|59377,05|0|0,00|0,00|0,00|58562,00|10541,16|0,00|0,00|815,05|0,00|0,00|||
|C190|000|5101|18,00|59377,05|58562,00|10541,16|0,00|0,00|0,00|815,05||
|C195|160||
|C100|1|0|C09267050/0004-57|55|00|001|4181|23190123159702000118550010000041811818365857|24012019|24012019|11895,84|0|0,00|0,00|11895,84|0|0,00|0,00|0,00|11895,84|2141,25|0,00|0,00|0,00|0,00|0,00|||
|C190|000|5910|18,00|11895,84|11895,84|2141,25|0,00|0,00|0,00|0,00||
|C195|161||
|C100|1|0|C09267050/0004-57|55|00|001|4182|23190123159702000118550010000041821829002987|24012019|24012019|3109,14|0|0,00|0,00|3109,14|0|0,00|0,00|0,00|3109,14|559,65|0,00|0,00|0,00|0,00|0,00|||
|C190|000|5910|18,00|3109,14|3109,14|559,65|0,00|0,00|0,00|0,00||
|C195|162||
|C100|1|0|C09267050/0004-57|55|00|001|4183|23190123159702000118550010000041831516452972|24012019|24012019|1622,16|0|0,00|0,00|1622,16|0|0,00|0,00|0,00|1622,16|291,99|0,00|0,00|0,00|0,00|0,00|||
|C190|000|5910|18,00|1622,16|1622,16|291,99|0,00|0,00|0,00|0,00||
|C195|163||
|C100|1|0|C26354721/0001-93|55|00|001|4184|23190123159702000118550010000041841837820507|24012019|24012019|12939,72|1|0,00|0,00|12939,72|0|0,00|0,00|0,00|12323,52|1478,82|0,00|0,00|616,20|0,00|0,00|||
|C190|000|6101|12,00|12939,72|12323,52|1478,82|0,00|0,00|0,00|616,20||
|C195|164||
|C100|1|0|C26354721/0001-93|55|00|001|4185|23190123159702000118550010000041851982475693|24012019|24012019|1198,00|1|0,00|0,00|1198,00|0|0,00|0,00|0,00|1198,00|143,76|0,00|0,00|0,00|0,00|0,00|||
|C190|000|6101|12,00|1198,00|1198,00|143,76|0,00|0,00|0,00|0,00||
|C195|165||
|C100|1|0|C26354721/0001-93|55|00|001|4186|23190123159702000118550010000041861082572746|24012019|24012019|119,80|0|0,00|0,00|119,80|0|0,00|0,00|0,00|0,00|0,00|0,00|0,00|0,00|0,00|0,00|||
|C190|090|6912|0,00|119,80|0,00|0,00|0,00|0,00|0,00|0,00||
|C195|166||
|C100|1|0|C83817858/0038-62|55|00|001|4187|23190123159702000118550010000041871591371908|24012019|24012019|4574,37|1|0,00|0,00|4574,37|0|0,00|0,00|0,00|4376,94|525,22|0,00|0,00|197,43|0,00|0,00|||
|C190|000|6101|12,00|4574,37|4376,94|525,22|0,00|0,00|0,00|197,43||
|C195|167||
|C100|1|0|C83817858/0037-81|55|00|001|4188|23190123159702000118550010000041881474484029|24012019|24012019|5945,27|1|0,00|0,00|5945,27|0|0,00|0,00|0,00|5682,56|681,91|0,00|0,00|262,71|0,00|0,00|||
|C190|000|6101|12,00|5945,27|5682,56|681,91|0,00|0,00|0,00|262,71||
|C195|168||
|C100|1|0|C40528218/0001-38|55|00|001|4190|23190123159702000118550010000041901037605870|24012019|24012019|1803,90|1|0,00|0,00|1803,90|0|0,00|0,00|0,00|1718,00|206,16|0,00|0,00|85,90|0,00|0,00|||
|C190|000|6101|12,00|1803,90|1718,00|206,16|0,00|0,00|0,00|85,90||
|C195|169||
|C100|1|0|C01438784/0046-07|55|00|001|4191|23190123159702000118550010000041911034538924|25012019|25012019|735,00|1|0,00|0,00|735,00|0|0,00|0,00|0,00|735,00|88,20|0,00|0,00|0,00|0,00|0,00|||
|C190|000|6101|12,00|735,00|735,00|88,20|0,00|0,00|0,00|0,00||
|C195|170||
|C100|1|0|C01438784/0017-64|55|00|001|4192|23190123159702000118550010000041921196479688|25012019|25012019|764,40|1|0,00|0,00|764,40|0|0,00|0,00|0,00|764,40|91,72|0,00|0,00|0,00|0,00|0,00|||
|C190|000|6101|12,00|764,40|764,40|91,72|0,00|0,00|0,00|0,00||
|C195|171||
|C100|1|0|C01438784/0013-30|55|00|001|4193|23190123159702000118550010000041931389300628|25012019|25012019|764,40|1|0,00|0,00|764,40|0|0,00|0,00|0,00|764,40|91,72|0,00|0,00|0,00|0,00|0,00|||
|C190|000|6101|12,00|764,40|764,40|91,72|0,00|0,00|0,00|0,00||
|C195|172||
|C100|1|0|C01438784/0050-85|55|00|001|4194|23190123159702000118550010000041941541241371|25012019|25012019|2381,40|1|0,00|0,00|2381,40|0|0,00|0,00|0,00|2381,40|285,76|0,00|0,00|0,00|0,00|0,00|||
|C190|000|6101|12,00|2381,40|2381,40|285,76|0,00|0,00|0,00|0,00||
|C195|173||
|C100|1|0|C04872931/0001-30|55|00|001|4195|23190123159702000118550010000041951329577610|25012019|25012019|600,00|0|0,00|0,00|600,00|0|0,00|0,00|0,00|0,00|0,00|0,00|0,00|0,00|0,00|0,00|||
|C110|14||
|C113|0|1|F04872931/0001-30|55|0||19860|09012019|23190104872931000130550000000198601644525796|
|C190|050|5921|0,00|600,00|0,00|0,00|0,00|0,00|0,00|0,00||
|C195|174||
|C100|1|0|C04872931/0001-30|55|00|001|4196|23190123159702000118550010000041961498742275|25012019|25012019|3304,00|0|0,00|0,00|3304,00|0|0,00|0,00|0,00|0,00|0,00|0,00|0,00|0,00|0,00|0,00|||
|C110|15||
|C113|0|1|F04872931/0001-30|55|0||19882|17012019|23190104872931000130550000000198821782636167|
|C190|040|5921|0,00|3304,00|0,00|0,00|0,00|0,00|0,00|0,00||
|C195|175||
|C100|1|0|C04872931/0001-30|55|00|001|4197|23190123159702000118550010000041971134857456|25012019|25012019|4248,00|0|0,00|0,00|4248,00|0|0,00|0,00|0,00|0,00|0,00|0,00|0,00|0,00|0,00|0,00|||
|C110|16||
|C113|0|1|F04872931/0001-30|55|0||19898|22012019|23190104872931000130550000000198981469178589|
|C190|040|5921|0,00|4248,00|0,00|0,00|0,00|0,00|0,00|0,00||
|C195|176||
|C100|1|0|C83817858/0070-00|55|00|001|4198|23190123159702000118550010000041981540459917|25012019|25012019|20714,11|1|0,00|0,00|20714,11|0|0,00|0,00|0,00|20220,78|2426,49|0,00|0,00|493,33|0,00|0,00|||
|C190|000|6101|12,00|20714,11|20220,78|2426,49|0,00|0,00|0,00|493,33||
|C195|177||
|C100|1|0|C83817858/0070-00|55|00|001|4199|23190123159702000118550010000041991174155627|25012019|25012019|4890,28|1|0,00|0,00|4890,28|0|0,00|0,00|0,00|4890,28|586,83|0,00|0,00|0,00|0,00|0,00|||
|C190|000|6101|12,00|4890,28|4890,28|586,83|0,00|0,00|0,00|0,00||
|C195|178||
|C100|1|0|C83817858/0068-88|55|00|001|4200|23190123159702000118550010000042001752248120|25012019|25012019|3361,18|1|0,00|0,00|3361,18|0|0,00|0,00|0,00|3281,87|393,83|0,00|0,00|79,31|0,00|0,00|||
|C190|000|6101|12,00|3361,18|3281,87|393,83|0,00|0,00|0,00|79,31||
|C195|179||
|C100|1|0|C83817858/0068-88|55|00|001|4201|23190123159702000118550010000042011210768859|25012019|25012019|8069,22|1|0,00|0,00|8069,22|0|0,00|0,00|0,00|7938,69|952,64|0,00|0,00|130,53|0,00|0,00|||
|C190|000|6101|12,00|8069,22|7938,69|952,64|0,00|0,00|0,00|130,53||
|C195|180||
|C100|1|0|C83817858/0068-88|55|00|001|4202|23190123159702000118550010000042021105086821|25012019|25012019|6526,16|1|0,00|0,00|6526,16|0|0,00|0,00|0,00|6526,16|783,14|0,00|0,00|0,00|0,00|0,00|||
|C190|000|6101|12,00|6526,16|6526,16|783,14|0,00|0,00|0,00|0,00||
|C195|181||
|C100|1|0|C83817858/0069-69|55|00|001|4203|23190123159702000118550010000042031879354250|25012019|25012019|1102,45|1|0,00|0,00|1102,45|0|0,00|0,00|0,00|1049,95|125,99|0,00|0,00|52,50|0,00|0,00|||
|C190|000|6101|12,00|1102,45|1049,95|125,99|0,00|0,00|0,00|52,50||
|C195|182||
|C100|1|0|C83817858/0069-69|55|00|001|4204|23190123159702000118550010000042041391402217|25012019|25012019|3403,26|1|0,00|0,00|3403,26|0|0,00|0,00|0,00|3305,23|396,63|0,00|0,00|98,03|0,00|0,00|||
|C190|000|6101|12,00|3403,26|3305,23|396,63|0,00|0,00|0,00|98,03||
|C195|183||
|C100|1|0|C83817858/0069-69|55|00|001|4205|23190123159702000118550010000042051988247352|25012019|25012019|1378,03|1|0,00|0,00|1378,03|0|0,00|0,00|0,00|1339,33|160,72|0,00|0,00|38,70|0,00|0,00|||
|C190|000|6101|12,00|1378,03|1339,33|160,72|0,00|0,00|0,00|38,70||
|C195|184||
|C100|1|0|C05463734/0001-20|55|00|001|4206|23190123159702000118550010000042061350428313|25012019|25012019|3948,84|1|0,00|0,00|3948,84|0|0,00|0,00|0,00|3760,80|451,29|0,00|0,00|188,04|0,00|0,00|||
|C190|000|6101|12,00|3948,84|3760,80|451,29|0,00|0,00|0,00|188,04||
|C195|185||
|C100|1|0|C05469356/0001-92|55|00|001|4207|23190123159702000118550010000042071544364105|25012019|25012019|4129,34|1|0,00|0,00|4129,34|0|0,00|0,00|0,00|3932,70|471,92|0,00|0,00|196,64|0,00|0,00|||
|C190|000|6101|12,00|4129,34|3932,70|471,92|0,00|0,00|0,00|196,64||
|C195|186||
|C100|1|0|C14073092/0011-16|55|00|001|4208|23190123159702000118550010000042081076682771|25012019|25012019|10404,00|1|0,00|0,00|10404,00|0|0,00|0,00|0,00|10404,00|1248,48|0,00|0,00|0,00|0,00|0,00|||
|C190|000|6101|12,00|10404,00|10404,00|1248,48|0,00|0,00|0,00|0,00||
|C195|187||
|C100|1|0|C14073092/0011-16|55|00|001|4209|23190123159702000118550010000042091679951844|25012019|25012019|1369,89|0|0,00|0,00|1369,89|0|0,00|0,00|0,00|1369,89|164,41|0,00|0,00|0,00|0,00|0,00|||
|C190|000|6910|12,00|1369,89|1369,89|164,41|0,00|0,00|0,00|0,00||
|C195|188||
|C100|1|0|C30784664/0001-50|55|00|001|4210|23190123159702000118550010000042101406010524|29012019|29012019|40506,16|1|0,00|0,00|40506,16|0|0,00|0,00|0,00|40506,16|4860,74|0,00|0,00|0,00|0,00|0,00|||
|C190|000|6101|12,00|40506,16|40506,16|4860,74|0,00|0,00|0,00|0,00||
|C195|189||
|C100|1|0|C30784664/0001-50|55|00|001|4211|23190123159702000118550010000042111528714795|29012019|29012019|24044,42|1|0,00|0,00|24044,42|0|0,00|0,00|0,00|24044,42|2885,35|0,00|0,00|0,00|0,00|0,00|||
|C190|000|6101|12,00|24044,42|24044,42|2885,35|0,00|0,00|0,00|0,00||
|C195|190||
|C100|1|0|C83817858/0061-01|55|00|001|4212|23190123159702000118550010000042121314298399|29012019|29012019|2430,83|1|0,00|0,00|2430,83|0|0,00|0,00|0,00|2430,83|291,70|0,00|0,00|0,00|0,00|0,00|||
|C190|000|6101|12,00|2430,83|2430,83|291,70|0,00|0,00|0,00|0,00||
|C195|191||
|C100|1|0|C83817858/0060-20|55|00|001|4213|23190123159702000118550010000042131904432198|29012019|29012019|1014,86|1|0,00|0,00|1014,86|0|0,00|0,00|0,00|993,86|119,27|0,00|0,00|21,00|0,00|0,00|||
|C190|000|6101|12,00|1014,86|993,86|119,27|0,00|0,00|0,00|21,00||
|C195|192||
|C100|1|0|C83817858/0060-20|55|00|001|4214|23190123159702000118550010000042141406021622|29012019|29012019|1282,17|1|0,00|0,00|1282,17|0|0,00|0,00|0,00|1221,11|146,54|0,00|0,00|61,06|0,00|0,00|||
|C190|000|6101|12,00|1282,17|1221,11|146,54|0,00|0,00|0,00|61,06||
|C195|193||
|C100|1|0|C83817858/0060-20|55|00|001|4215|23190123159702000118550010000042151102245056|29012019|29012019|428,24|1|0,00|0,00|428,24|0|0,00|0,00|0,00|428,24|51,38|0,00|0,00|0,00|0,00|0,00|||
|C190|000|6101|12,00|428,24|428,24|51,38|0,00|0,00|0,00|0,00||
|C195|194||
|C100|1|0|C83817858/0061-01|55|00|001|4216|23190123159702000118550010000042161923961950|29012019|29012019|1567,36|1|0,00|0,00|1567,36|0|0,00|0,00|0,00|1567,36|188,09|0,00|0,00|0,00|0,00|0,00|||
|C190|000|6101|12,00|1567,36|1567,36|188,09|0,00|0,00|0,00|0,00||
|C195|195||
|C100|1|0|C83817858/0061-01|55|00|001|4217|23190123159702000118550010000042171868382440|29012019|29012019|1743,98|1|0,00|0,00|1743,98|0|0,00|0,00|0,00|1660,93|199,32|0,00|0,00|83,05|0,00|0,00|||
|C190|000|6101|12,00|1743,98|1660,93|199,32|0,00|0,00|0,00|83,05||
|C195|196||
|C100|1|0|C30784664/0001-50|55|00|001|4219|23190123159702000118550010000042191804882012|29012019|29012019|409,50|0|0,00|0,00|409,50|0|0,00|0,00|0,00|0,00|0,00|0,00|0,00|19,50|0,00|0,00|||
|C190|090|6912|0,00|409,50|0,00|0,00|0,00|0,00|0,00|19,50||
|C195|197||
|C100|1|0|C31691447/0001-88|55|00|001|4220|23190123159702000118550010000042201348738296|29012019|29012019|414,84|0|0,00|0,00|414,84|0|0,00|0,00|0,00|414,84|49,78|0,00|0,00|0,00|0,00|0,00|||
|C190|000|6912|12,00|414,84|414,84|49,78|0,00|0,00|0,00|0,00||
|C195|198||
|C100|1|0|C06265116000139|55|00|001|4221|23190123159702000118550010000042211790362490|29012019|29012019|1321,73|0|0,00|0,00|1321,73|0|0,00|0,00|0,00|1321,73|158,62|0,00|0,00|16,72|0,00|0,00|||
|C190|000|6912|12,00|1321,73|1321,73|158,62|0,00|0,00|0,00|16,72||
|C195|199||
|C100|1|0||55|02|001|4073|23190123159702000118550010000040731128158072|||||||||||||||||||||
|C100|1|0||55|02|001|4096|23190123159702000118550010000040961426931831|||||||||||||||||||||
|C100|1|0||55|02|001|4122|23190123159702000118550010000041221621261388|||||||||||||||||||||
|C100|1|0||55|02|001|4176|23190123159702000118550010000041761508464180|||||||||||||||||||||
|C100|1|0||55|02|001|4180|23190123159702000118550010000041801893930054|||||||||||||||||||||
|C100|1|0||55|02|001|4218|23190123159702000118550010000042181839393770|||||||||||||||||||||
|C100|1|0|C00778553/0001-70|55|00|001|4222|23190123159702000118550010000042221239977944|31012019|31012019|8900,81|1|0,00|0,00|8900,81|0|0,00|0,00|0,00|8900,81|1068,09|0,00|0,00|0,00|0,00|0,00|||
|C190|000|6101|12,00|8900,81|8900,81|1068,09|0,00|0,00|0,00|0,00||
|C195|200||
|C100|1|0|C00778553/0001-70|55|00|001|4223|23190123159702000118550010000042231506263988|31012019|31012019|337,75|0|0,00|0,00|337,75|0|0,00|0,00|0,00|0,00|0,00|0,00|0,00|2,75|0,00|0,00|||
|C190|090|6912|0,00|337,75|0,00|0,00|0,00|0,00|0,00|2,75||
|C195|201||
|C100|1|0|C14671398/0001-00|55|00|001|4224|23190123159702000118550010000042241274425280|31012019|31012019|1853,38|1|0,00|0,00|1853,38|0|0,00|0,00|0,00|1765,12|211,82|0,00|0,00|88,26|0,00|0,00|||
|C190|000|6101|12,00|1853,38|1765,12|211,82|0,00|0,00|0,00|88,26||
|C195|202||
|C100|1|0|C07542463/0008-09|55|00|001|4225|23190123159702000118550010000042251008450870|31012019|31012019|3416,68|1|0,00|0,00|3416,68|0|0,00|0,00|0,00|3253,99|585,71|0,00|0,00|162,69|0,00|0,00|||
|C190|000|5101|18,00|3416,68|3253,99|585,71|0,00|0,00|0,00|162,69||
|C195|203||
|C100|1|0|C07542463/0008-09|55|00|001|4226|23190123159702000118550010000042261670056142|31012019|31012019|156,49|0|0,00|0,00|156,49|0|0,00|0,00|0,00|0,00|0,00|0,00|0,00|0,00|0,00|0,00|||
|C190|090|5912|0,00|156,49|0,00|0,00|0,00|0,00|0,00|0,00||
|C195|204||
|C100|1|0|C22167971000163|55|00|001|4227|23190123159702000118550010000042271506732278|31012019|31012019|1631,97|1|0,00|0,00|1631,97|0|0,00|0,00|0,00|1567,81|282,21|0,00|0,00|64,16|0,00|0,00|||
|C190|000|5101|18,00|1631,97|1567,81|282,21|0,00|0,00|0,00|64,16||
|C195|205||
|C100|1|0|C22167971000163|55|00|001|4228|23190123159702000118550010000042281283348047|31012019|31012019|277,67|0|0,00|0,00|277,67|0|0,00|0,00|0,00|0,00|0,00|0,00|0,00|13,22|0,00|0,00|||
|C190|090|5912|0,00|277,67|0,00|0,00|0,00|0,00|0,00|13,22||
|C195|206||
|C100|1|0|C10667891/0001-98|55|00|001|4229|23190123159702000118550010000042291968544930|31012019|31012019|6866,41|1|0,00|0,00|6866,41|0|0,00|0,00|0,00|6677,91|1202,00|0,00|0,00|188,50|0,00|0,00|||
|C190|000|5101|18,00|6866,41|6677,91|1202,00|0,00|0,00|0,00|188,50||
|C195|207||
|C100|1|0|C10667891000511|55|00|001|4230|23190123159702000118550010000042301573172551|31012019|31012019|3725,37|1|0,00|0,00|3725,37|0|0,00|0,00|0,00|3547,96|638,64|0,00|0,00|177,41|0,00|0,00|||
|C190|000|5101|18,00|3725,37|3547,96|638,64|0,00|0,00|0,00|177,41||
|C195|208||
|C100|1|0|C10667891000511|55|00|001|4231|23190123159702000118550010000042311430766331|31012019|31012019|711,87|0|0,00|0,00|711,87|0|0,00|0,00|0,00|0,00|0,00|0,00|0,00|33,90|0,00|0,00|||
|C190|090|5912|0,00|711,87|0,00|0,00|0,00|0,00|0,00|33,90||
|C195|209||
|C100|1|0|C10667891/0001-98|55|00|001|4232|23190123159702000118550010000042321192332779|31012019|31012019|1014,54|0|0,00|0,00|1014,54|0|0,00|0,00|0,00|966,22|173,92|0,00|0,00|48,32|0,00|0,00|||
|C190|000|5910|18,00|1014,54|966,22|173,92|0,00|0,00|0,00|48,32||
|C195|210||
|C500|0|1|F07047251/0001-70|06|00|||04|7118|28112018|28012019|15142,64|0,00|11440,96|0,00|0,00|0,00|11440,96|2860,24|0,00|0,00||0,00|0,00|3|01|
|C590|000|1252|25,00|15142,64|11440,96|2860,24|0,00|0,00|0,00||
|C990|821|
|D001|0|
|D100|0|1|F01834475000227|57|00|1||290772|35190101834475000227570010002907721005669032|07012019|08012019|0||200,00|0,00|1|0,00|200,00|14,00|0,00|||3550308|2311603|
|D190|000|2352|7,00|200,00|200,00|14,00|0,00|211|
|D100|0|1|F01834475000227|57|00|1||290891|35190101834475000227570010002908911242492471|08012019|08012019|0||306,45|0,00|1|0,00|306,45|21,45|0,00|||3550308|2311603|
|D190|000|2352|7,00|306,45|306,45|21,45|0,00|212|
|D100|0|1|F01834475000227|57|00|1||291063|35190101834475000227570010002910631063211059|09012019|15012019|0||259,26|0,00|1|0,00|0,00|0,00|259,26|||3550308|2311603|
|D190|090|2352|0,00|259,26|0,00|0,00|0,00|213|
|D100|0|1|F01834475000227|57|00|1||291425|35190101834475000227570010002914251517151723|11012019|14012019|0||481,24|0,00|1|0,00|481,24|33,69|0,00|||3550308|2311603|
|D190|000|2352|7,00|481,24|481,24|33,69|0,00|214|
|D100|0|1|F01834475000227|57|00|1||291511|35190101834475000227570010002915111192690353|12012019|15012019|0||377,10|0,00|1|0,00|0,00|0,00|377,10|||3550308|2311603|
|D190|090|2352|0,00|377,10|0,00|0,00|0,00|215|
|D100|0|1|F01834475000227|57|00|1||292139|35190101834475000227570010002921391204457894|17012019|19012019|0||283,65|0,00|1|0,00|283,65|19,86|0,00|||3550308|2311603|
|D190|000|2352|7,00|283,65|283,65|19,86|0,00|216|
|D500|0|1|F33000118/0015-74|22|00|||1008657|29012019|29012019|168,68|0,00|168,68|0,00|0,00|0,00|0,00|0,00||0,00|0,00||1|
|D590|090|1302|0,00|168,68|0,00|0,00|0,00|0,00|0,00||
|D990|16|
|E001|0|
|E100|01012019|31012019|
|E110|129537,98|0,00|0,00|0,00|51723,21|0,00|0,00|0,00|0,00|77814,77|0,00|77814,77|0,00|0,00|
|E500|0|01012019|31012019|
|E510|1101|00|208982,80|208982,80|12384,18|
|E510|1101|49|5319,80|0,00|0,00|
|E510|1124|49|3231,06|0,00|0,00|
|E510|1201|49|34398,00|0,00|0,00|
|E510|1556|49|36976,37|0,00|0,00|
|E510|1903|49|170,00|0,00|0,00|
|E510|1920|49|9217,70|0,00|0,00|
|E510|1925|49|210,00|0,00|0,00|
|E510|2101|00|14484,76|14484,76|753,84|
|E510|2101|49|8192,66|0,00|0,00|
|E510|2201|00|459,03|459,03|22,95|
|E510|2201|49|2843,41|0,00|0,00|
|E510|2556|49|6946,00|0,00|0,00|
|E510|2949|49|748,21|0,00|0,00|
|E520|0,00|17316,75|13277,90|0,00|0,00|0,00|4038,85|
|E990|20|
|G001|1|
|G990|2|
|H001|1|
|H990|2|
|K001|0|
|K100|01012019|31012019|
|K200|31012019|14568|2100,000|0||
|K200|31012019|960611038|120,000|0||
|K200|31012019|11860|80,000|0||
|K200|31012019|960610828|1300,000|0||
|K200|31012019|15680|370,000|0||
|K200|31012019|960611032|180,000|0||
|K200|31012019|960613069|340,000|0||
|K200|31012019|960611036|280,000|0||
|K200|31012019|710043621|80,000|0||
|K200|31012019|960611035|128,000|0||
|K200|31012019|960611034|140,000|0||
|K200|31012019|960611037|280,000|0||
|K200|31012019|960611039|740,000|0||
|K200|31012019|960611031|160,000|0||
|K200|31012019|960613128|600,000|0||
|K200|31012019|960611220|100,000|0||
|K200|31012019|710043200|200,000|0||
|K200|31012019|5816|420,000|0||
|K200|31012019|104155|3000,000|0||
|K200|31012019|12729|22,000|0||
|K200|31012019|14501|210,000|0||
|K200|31012019|14502|30,000|0||
|K200|31012019|14498|270,000|0||
|K200|31012019|14927|520,000|0||
|K200|31012019|16102|800,000|0||
|K200|31012019|960610641|1100,000|0||
|K200|31012019|14720|140,000|0||
|K200|31012019|14735|38,800|0||
|K200|31012019|1018|50,000|0||
|K200|31012019|5439|100,000|0||
|K200|31012019|7897584700012|2500,000|0||
|K200|31012019|14704|46,000|0||
|K200|31012019|14704|75,900|0||
|K200|31012019|60612417|50,000|0||
|K200|31012019|3798|10,000|0||
|K200|31012019|71447|28,000|0||
|K200|31012019|960613569|50,000|0||
|K200|31012019|3352|208,000|0||
|K200|31012019|00004|15,000|0||
|K200|31012019|8462|40,000|0||
|K200|31012019|3383|2,000|0||
|K200|31012019|9999|30,000|0||
|K200|31012019|4224|20,000|0||
|K200|31012019|16377|155,000|0||
|K200|31012019|16326|38000,000|0||
|K200|31012019|006624|16,500|0||
|K200|31012019|16245|2,000|0||
|K200|31012019|006075|25,000|0||
|K200|31012019|003268|120,000|0||
|K200|31012019|16375|16,000|0||
|K200|31012019|6201|40,000|0||
|K200|31012019|10652|8,000|0||
|K200|31012019|14737|33000,000|0||
|K200|31012019|12841|10,000|0||
|K200|31012019|5008677|2000,000|0||
|K200|31012019|8003786|60,000|0||
|K200|31012019|90004127|80,000|0||
|K200|31012019|960613164|400,000|0||
|K200|31012019|5008746|350,000|0||
|K200|31012019|16334|53,654|0||
|K200|31012019|710041665|2011,000|0||
|K200|31012019|12731|9,660|0||
|K200|31012019|960611303|8100,000|0||
|K200|31012019|710043513|45,000|0||
|K200|31012019|14320|8379,000|0||
|K200|31012019|007753|2,000|0||
|K200|31012019|232|67,000|0||
|K200|31012019|003270|1,000|0||
|K200|31012019|5690|1,152|0||
|K200|31012019|016685|41,000|0||
|K200|31012019|14702|34,000|0||
|K200|31012019|004322|550,000|0||
|K200|31012019|42817|250,000|0||
|K200|31012019|960612243|182,000|0||
|K200|31012019|960612242|170,000|0||
|K200|31012019|012442|20,000|0||
|K200|31012019|12443|10,000|0||
|K200|31012019|710042413|10,000|0||
|K200|31012019|11976|20,000|0||
|K200|31012019|5662|100,000|0||
|K200|31012019|16406|10,000|0||
|K200|31012019|012106|200,000|0||
|K200|31012019|5313|100,000|0||
|K200|31012019|14222|2750,000|0||
|K200|31012019|12674|3250,000|0||
|K200|31012019|005334|900,000|0||
|K200|31012019|8558|180,000|0||
|K200|31012019|8556|80,000|0||
|K200|31012019|960612497|61,000|0||
|K200|31012019|960613317|71,000|0||
|K200|31012019|960612499|61,000|0||
|K200|31012019|960613318|81,000|0||
|K200|31012019|960612498|42,000|0||
|K200|31012019|960613319|54,000|0||
|K200|31012019|960613316|81,000|0||
|K200|31012019|10716|80,000|0||
|K200|31012019|960613377|150,000|0||
|K200|31012019|15679|200,000|0||
|K200|31012019|960612848|20,000|0||
|K200|31012019|960613376|145,000|0||
|K200|31012019|16403|100,000|0||
|K200|31012019|7998|50,000|0||
|K200|31012019|4289|20,000|0||
|K200|31012019|16246|1,000|0||
|K200|31012019|005733|25,000|0||
|K200|31012019|5326|40,000|0||
|K200|31012019|1623|101,200|0||
|K200|31012019|7897584713098|85,000|0||
|K200|31012019|7339|9,000|0||
|K200|31012019|3811|18,000|0||
|K200|31012019|11650|28,000|0||
|K200|31012019|37800|6000,000|0||
|K200|31012019|0106670|2200,000|0||
|K200|31012019|4865|1,000|0||
|K200|31012019|003394|1,000|0||
|K200|31012019|114010156|250,000|0||
|K200|31012019|114010155|250,000|0||
|K200|31012019|7612|10,000|0||
|K200|31012019|11990|35,000|0||
|K200|31012019|7893|2,000|0||
|K200|31012019|5318|540,000|0||
|K200|31012019|12225|38000,000|0||
|K990|125|
|1001|0|
|1010|N|N|N|N|N|N|N|N|N|N|N|N|
|1990|3|
|9001|0|
|9900|0000|1|
|9900|0001|1|
|9900|0005|1|
|9900|0100|1|
|9900|0150|128|
|9900|0190|18|
|9900|0200|160|
|9900|0220|12|
|9900|0400|12|
|9900|0450|16|
|9900|0460|216|
|9900|0990|1|
|9900|1001|1|
|9900|1010|1|
|9900|1990|1|
|9900|9001|1|
|9900|B001|1|
|9900|B990|1|
|9900|C001|1|
|9900|C100|232|
|9900|C110|16|
|9900|C113|15|
|9900|C170|105|
|9900|C190|232|
|9900|C195|217|
|9900|C500|1|
|9900|C590|1|
|9900|C990|1|
|9900|D001|1|
|9900|D100|6|
|9900|D190|6|
|9900|D500|1|
|9900|D590|1|
|9900|D990|1|
|9900|E001|1|
|9900|E100|1|
|9900|E110|1|
|9900|E500|1|
|9900|E510|14|
|9900|E520|1|
|9900|E990|1|
|9900|G001|1|
|9900|G990|1|
|9900|H001|1|
|9900|H990|1|
|9900|K001|1|
|9900|K100|1|
|9900|K200|122|
|9900|K990|1|
|9900|9900|52|
|9900|9990|1|
|9900|9999|1|
|9990|55|
|9999|1613|
