|0000|012|0|01122018|31122018|POLYSPACE IND DE ACESSORIOS P/ CASA E BANHO LTDA|23159702000118||CE|064726681|2311603|||B|0|
|0001|0|
|0005|POLYSPACE|62790000|AV ABOLICAO|2025||ANTONIO BONFIM|8532850400||george@policlass.com.br|
|0100|ANTONIO CARLOS DE ALENCAR LOUREIRO|21081832304|12251O8|02060568000123|62410410|RUA SOBRAL|1046||TABAPUAZINHO|0032234964||loureiro@aconta.com.br|2303709|
|0150|F07557333/0007-50|Aco Cearense Comercial Ltda.|01058|07557333000750||068973365|2304400||Av. Duque de Caxias|2000||Jacarecanga|
|0150|F20061395000144|ANA PATRICIA BONFIM RODRIGUES 0095559833|01058|20061395000140||067296521|2300150||MADAME CONCEICAO|75||SAO BENEDITO|
|0150|F07240450/0001-09|APIGUANA MAQUINAS E FERRAMENTAS LTDA - M|01058|07240450000109||068402546|2304400||AV. DUQUE DE CAXIAS|901||CENTRO|
|0150|F07240450/0004-43|APIGUANA MAQUINAS E FERRAMENTAS LTDA (CD|01058|07240450000443||063822830|2307650||ROD ROD. DR. MENDEL STEINBRUCH|7975||PAJUCARA|
|0150|C07201916/0010-40|ARAUJO CABRAL E ALVES LTDA|01058|07201916001040||067094988|2304400||R CAPITAO FRANCISCO PEDRO|300||RODOLFO TEOFILO|
|0150|C35519545000193|ATACADO DA CONSTRUCAO LTDA|01058|35519545000193||017002788|2611606||AV HERCULANO BANDEIRA|1001||PINA|
|0150|F07343858000440|AUTO PECAS CAMPINA GRANDE LTDA L5|01058|07343858000440||064519252|2307650||Rodovia Doutor Mendel Steinbruch|2445|FUNDOS|PAJUCARA|
|0150|F47854831/0014-09|BANDEIRANTE QUIMICA LTDA|01058|47854831001409||161330401|2507507||AV. PARQUE ST 09 LT 190 - QD 1058|||DISTRITO INDUST|
|0150|C10262755000118|BARREIRAS MARMORES E GRANITOS LTDA|01058|10262755000118||77987746|2927408||EST DAS BARREIRAS|153||TANCREDO NEVES|
|0150|C11261081000108|BELO PISO MATERIAIS DE CONSTRUCAO LTDA -|01058|11261081000108||136183873|2914703||AV RUY BARBOSA|517||CENTRO|
|0150|F03972740/0001-88|BR ALUMINIO IND. E COM. LTDA|01058|03972740000188||233023145119|3550308||Rua David Marcassa Lopes|960||Pinhal|
|0150|F11368297/0001-69|BRINEL COMERCIO & SERVICOS LTDA|01058|11368297000169||060318937|2304400||RUA PROFESSOR COSTA MENDES|700||MONTESE|
|0150|C40560997000159|C. M. COMERCIAL DE TINTAS LTDA ME|01058|40560997000159||30739693|2910800||RUA VOLUNTaRIOS DA PaTRIA|636650||BARAUNAS|
|0150|C03656804/0007-27|CARAJAS MATERIAL DE CONSTRUCAO LTDA|01058|03656804000727||242219004|2707701||LOT SANTA MARIA|194||MATA DO ROLO|
|0150|C05827342000101|CASA VETERINARIA PROCAMP LTDA - ME|01058|05827342000101||62189819|2901908||RUA CORONEL JOSE SIMOES DE BRITO|44||ITAMIRA|
|0150|C05507986000104|CAZANOVA MATERIAL DE CONSTRUCAO E DIST L|01058|05507986000104||029963168|2604106||RUA LEaO DOURADO|40||SAO FRANCISCO|
|0150|F07792435/0001-65|CECOMIL COMERCIO E SERVICOS EIRELI|01058|07792435000165||060117524|2304400||RUA MARCOS MACEDO|935||ALDEOTA|
|0150|C14073092/0011-16|CERQUEIRA GONCALVES CIA LTDA|01058|14073092001116||003100871|2929305||RODOV BA 502||KM 27, S/N|EST FEIRA SAO GONCALO|
|0150|F40432544/0161-40|CLARO S/A|01058|40432544016140||062662694|2304400||AVENIDA SANTOS DUMOND|2811||ALDEOTA|
|0150|C17395817000109|CLAUDIA REJANE GONCALVES COSTA EIRELI|01058|17395817000109||106181968|2900702||RUA CONSELHEIRO DANTAS|661||KENNEDY|
|0150|F01602389000299|Clovis Amora e Cia. Ltda.|01058|01602389000299||063035472|2311603||Avenida Da Abolição S/N|00000||Centro|
|0150|F07047251/0001-70|COELCE|01058|07047251000170||061058483|2304400||RUA PADRE VALDEVINO 150|||JOAQUIM TAVORA|
|0150|C40528218000138|COMERCIAL DE TINTAS LEAL JATOBA LTDA|01058|40528218000138||30166022|2917508||R MANOEL NOVAIS|186||CENTRO|
|0150|C05300197000106|COMERCIAL ROFE LTDA|01058|05300197000106||122042654|2111300||AV ENGENHEIRO EMILIANO MACIEIRA|05|PEDRINHAS/MURUAHY|PEDRINHAS|
|0150|C34280743000184|CRISTIANE OLIVEIRA LIMA DE MACEDO|01058|34280743000184||027382855|2900702||RUA BAHIA|216|A|JARDIM PETROLAR|
|0150|F59266676/0002-55|DILUTEC IND. E COM. DE PRODUTOS QUIMICOS|01058|59266676000255||103833510|5220454||R. 1.2 E 4 QD7 MOD 10/41|0||DIST. AGRO IND SEN CANEDO|
|0150|C24694236000133|ELAL MATERIAIS DE CONSTRUCAO EIRELI ME|01058|24694236000133||132281094|2900702||RUA CARLOS GOMES|83|A|CENTRO|
|0150|C30784664/0001-50|EMIDIO PAIS MATERIAIS DE CONSTRUCAO LTDA|01058|30784664000150||081054912|3205309||AV LEITAO DA SILVA|600||SANTA LUCIA|
|0150|F07791051000128|ESPACO MAIOR INDUSTRIA E COMERCIO DE MOV|01058|07791051000128||104093919|5201405||RUA DAS HORTENCIAS QD.16 LT|005||PARQUE PRIMAVERA|
|0150|F01834475000146|EXPRESS TCM LTDA.|01058|01834475000146||069865930|2304400||AV.FRANCISCO SA|6100||BARRA DO CEARA|
|0150|F01834475/0002-27|EXPRESS TCM LTDA|01058|01834475000227||336449561110|3518800||AV LINDOMAR GOMES DE OLIVEIRA|||CIDADE INDL SATELITE|
|0150|C10230480/0006-45|FERREIRA COSTA & CIA LTDA|01058|10230480000645||042993610|2611606||RUA CoNEGO BARATA|||TAMARINEIRA|
|0150|C10230480/0011-02|FERREIRA COSTA & CIA LTDA|01058|10230480001102||082162155|2927408||AV LUIZ VIANA FILHO|6180|SUBSOLO ANDAR 1|PARALELA|
|0150|C10230480002346|FERREIRA COSTA & CIA LTDA|01058|10230480002346||271500344|2800308||AV PRESIDENTE TANCREDO NEVES  SUBSOLO 2|2695|SUBSOLO 2  ANDAR|INACIO BARBOSA|
|0150|C10230480/0015-36|FERREIRA COSTA E CIA LTDA|01058|10230480001536||008784566|2611606||AV. MARECHAL MASCARENHAS DE MORAIS|26292967|GALPAO 1 E 2|IMBIRIBEIRA|
|0150|C10230480/0018-89|FERREIRA COSTA E CIA LTDA|01058|10230480001889||016019628|2606002||AV SANTO ANTONIO|515|4  ANDAR|SANTO ANTONIO|
|0150|C05582657000128|FORTE 1901 MATERIAIS PARA CONSTRUCAO LTD|01058|05582657000128||77540814|3304557||RUA PROFESSOR TEIXEIRA DA ROCHA|00005|A|VILA DA PENHA|
|0150|C14315842000147|FRANCA COMERCIAL DE MADEIRAS LTDA - ME|01058|14315842000147||123680042|2111201||ESTRA MATA|35||MAIOBINHA|
|0150|F01437603000118|GALTRON QUIMICA IND. E COM. LTDA|01058|01437603000118||244591140110|3509502||RUA BARRA DO TURVO|56,|.|JD. ITATINGA|
|0150|C10633462000108|GEMACON COMERCIO DE MATERIAIS DE CONSTRU|01058|10633462000108||063743833|2304400||RUA CORONEL FRANCISCO PEREIRA|397||MESSEJANA|
|0150|C41468687000171|GERALDO HUMBERTO DA SILVEIRA EPP|01058|41468687000171||068912706|2304251||Rua CEL TEIXEIRA PINTO|229||CENTRO|
|0150|F08810422/0001-34|GUARARAPES PAINEIS S.A.|01058|08810422000134||255412509|4203006||RODOVIA AVELINO MANDELLI||, S/N|AEROPORTO|
|0150|C83817858/0037-81|HOME CENTER BRASIL MATERIAIS PARA CONSTR|01058|83817858003781||059983442|2611606||AV MARECHAL MASCARENHAS DE MORAIS|3905||IMBIRIBEIRA|
|0150|C83817858/0038-62|HOME CENTER BRASIL MATERIAIS PARA CONSTR|01058|83817858003862||059983523|2609600||AV DOUTOR JOAQUIM NABUCO||QUADRA 6A LOTE 1|BULTRINS|
|0150|C83817858/0040-87|HOME CENTER BRASIL MATERIAIS PARA CONSTR|01058|83817858004087||069689660|2304400||AV. WASHINGTON SOARES|909||AGUA FRIA|
|0150|C83817858/0041-68|HOME CENTER BRASIL MATERIAIS PARA CONSTR|01058|83817858004168||067289517|2304400||AV GODOFREDO MACIEL|00088||PARANGABA|
|0150|C83817858006020|HOME CENTER BRASIL MATERIAIS PARA CONSTR|01058|83817858006020||083411178|3205002||AV ELDES SCHERRER SOUZA||QUADRA EC4 LOTE C|CIVIT II|
|0150|C83817858006101|HOME CENTER BRASIL MATERIAIS PARA CONSTR|01058|83817858006101||083411160|3205309||AV VITORIA|2515||HORTO|
|0150|C83817858006705|HOME CENTER BRASIL MATERIAIS PARA CONSTR|01058|83817858006705||151745809|2910800||AV GOVERNADOR JOAO DURVAL CARNEIRO|2200||CASEB|
|0150|C83817858006888|HOME CENTER BRASIL MATERIAIS PARA CONSTR|01058|83817858006888||151745917|2919207||AV SANTOS DUMONT LOTE VARANDAS TROPICAIS KM 4 5|5170|LOTE VARANDAS TROPICAIS KM 4 5|PITANGUEIRAS|
|0150|C83817858006969|HOME CENTER BRASIL MATERIAIS PARA CONSTR|01058|83817858006969||151746042|2927408||RUA DJALMA DUTRA|560||NAZARE|
|0150|C83817858007000|HOME CENTER BRASIL MATERIAIS PARA CONSTR|01058|83817858007000||151746150|2927408||RUA MARCOS FREIRE|364||CAMINHO DAS ARVORES|
|0150|F83817858004320|HOME CENTER BRASIL MATERIAIS PARA CONSTR|01058|83817858004320||104258730|5208707||AV RIO VERDE|2200|QUADRA05 LOTE 01|VILA ROSA|
|0150|F83817858004591|HOME CENTER BRASIL MATERIAIS PARA CONSTR|01058|83817858004591||103069887|5208707||AL DAS PAINEIRAS|50|QUADRAB-35 LOTE AREA|JARDIM GOIAS|
|0150|C08197731/0005-04|HOME CENTER NORD COMER DE MAT P/ CONST S|01058|08197731000504||103069887|5208707||AL DAS PAINEIRAS  QD B 35|50|QD B 35|JARDIM GOIAS|
|0150|C08197731/0019-00|HOME CENTER NORD COMER DE MAT P/ CONST S|01058|08197731001900||123945631|2111300||AV DANIEL DE LA TOUCHE|2800|LOJA 37|COHAMA|
|0150|C08197731/0004-23|HOME CENTER NORD COMER DE MAT. P/ CONST|01058|08197731000423||69855722|2927408||Rua MARCOS FREIRE|364||PITUBA|
|0150|F08197731/0004-23|HOME CENTER NORDESTE COM.MAT CONSTR S/A|01058|08197731000423||69855722|2927408||RUA MARCOS FREIRE 364|||CAMINHO DAS ARVORES|
|0150|C08197731/0011-52|HOME CENTER NORDESTE COMERCIO DE MAT.P/|01058|08197731001152||104258730|5208707||AV PADRE ORLANDO DE MORAIS|2200|QD LT 01|VILA ROSA|
|0150|F08197731/0019-00|HOME CENTER NORDESTE MATERIAIS PARA CONS|01058|08197731001900||123945631|2111300||AVENIDA DANIEL DE LA TOUCHE|2800||COHAMA|
|0150|C08397374000102|IMPORTADORA COMERCIAL DE MADEIRA|01058|08397374000102||200051679|2408102||AV. ANTONIO BASILIO|1788||DIX-SEPT ROSADO|
|0150|C27243125468|ISAIAS NUNES DA SILVA|01058||27243125468||2304400||AV GODOFREDO MACIEL|||PARANGABA|
|0150|C04027640000146|ITAECIO MATERIAIS DE P/ CONSTRUCAO LTDA|01058|04027640000146||063021706|2303709||Rua RUA PREFEITO JUACI PONTES|800|ESTRADA VELHA DO ICARAI|CURICACA|
|0150|C04243214000140|J CIRINO MATERIAL DE CONSTRUCAO LTDA|01058|04243214000140||054609466|2910800||PRAcA MACARIO BARRETO|368||TOMBA|
|0150|F07221472/0003-85|JAGUAR COMERCIO DE TINTAS LTDA|01058|07221472000385||061820997|2303709||RUA CORONEL CORREIA|1638||CENTRO|
|0150|C27096978000155|JORGE LUIZ SILVA BATISTA JUNIOR|01058|27096978000155||066454921|2300150||ROD CE 354||ZONA RURAL|CANTA GALLO|
|0150|C14448119000136|KENIO MATERIAL DE CONSTRUCAO LTDA ME|01058|14448119000136||10711983|2924009||RUA PADRE LOURENcO|424||TANCREDO NEVES II|
|0150|F04626218000107|LABORATORIAL COMERCIO E SERVICOS LTDA|01058|04626218000107||063142899|2304400||RUA CONSELHEIRO TRISTAO|294||CENTRO|
|0150|C01438784/0025-74|LEROY MERLIN COMPANHIA BRASILEIRA DE BRI|01058|01438784002574||0746117500359|5300108||RUA Q QS 3 - 420||LOTE 04;BLOCO B|AGUAS CLARAS|
|0150|C01438784/0054-09|LEROY MERLIN COMPANHIA BRASILEIRA DE BRI|01058|01438784005409||204348854|2403251||ROD ROD BR 101|||EMAUS|
|0150|C01438784/0055-90|LEROY MERLIN COMPANHIA BRASILEIRA DE BRI|01058|01438784005590||244409870|2704302||AV COMENDADOR GUSTAVO PAIVA|||CRUZ DAS ALMAS|
|0150|C01438784001683|LEROY MERLIN COMPANHIA BRASILEIRA DE BRI|01058|01438784001683||645486273117|3549904||AV ANDROMEDA|100||JARDIM SATELITE|
|0150|C01438784002302|LEROY MERLIN COMPANHIA BRASILEIRA DE BRI|01058|01438784002302||78725265|3303302||RUA CARLOS GOMES|65||BARRETO|
|0150|C01438784006308|LEROY MERLIN COMPANHIA BRASILEIRA DE BRI|01058|01438784006308||118126442110|3550308||AV PRESIDENTE CASTELO BRANCO|6061|PARTE|PARQUE RESIDENCIAL DA LAPA|
|0150|C03869436000100|MARIA DAS GRACAS F. A. DA CRUZ|01058|03869436000100||062997270|2304707||RUA DA INDEPENDENCIA|524||PARAZINHO|
|0150|C09267050/0004-57|MB COM DE MATERIAIS DE CONSTRUCAO LTDA|01058|09267050000457||063610370|2304400||RUA DO CRUZEIRO|1115||MESSEJANA|
|0150|F04934227/0001-65|Mega Lux Com. Serv.Mat. Elet. Hid. Ltda|01058|04934227000165||066966400|2304400||RUA PRINCESA ISABEL|228||Centro|
|0150|C04661385/0004-31|MONTE & CIA LTDA|01058|04661385000431||030237998|1600600||ROD DUQUE DE CAXIAS||KM 17|DISTRITO INDUSTRIAL|
|0150|C24798198000169|N V COMERCIO E SERVICOS LTDA|01058|24798198000169||124926231|2111300||AV LITORANEA|1996|AVENIDA FERREIRA GOULART QUADRA06 LOTE 09 E 10|SAO FRANCISCO|
|0150|C05059270/0001-91|OBJETIVA ATACADISTA DA CONSTRUCAO LTDA|01058|05059270000191||0743393100187|5300108||ST SGCV||LOTE 02, S/N|GUARA|
|0150|F02500041/0001-72|PAEMA EMBALAGENS DO CEARA LTDA|01058|02500041000172||062660179|2307700||R PROFESSOR HENRIQUE CHAVES|||TANGUEIRA|
|0150|F02341415/0001-54|PARASSOL CARDOSO ETIQUETAS ADESIVAS LTDA|01058|02341415000154||5587307460014|3155801||RUA MAJOR OLIMPIO MOREIRA|87||CENTRO|
|0150|F62814611/0001-20|PERFIL METAL LTDA.|01058|62814611000120||225154192113|3507605||R RADAMES LO SARDO|233||JD SAO LOURENCO|
|0150|C04872931/0001-30|PLASTSAN PLASTICOS DO NORDESTE LTDA|01058|04872931000130||063202743|2303709||ROD BR 222 kM 04|06755||TAPABUA|
|0150|F04872931/0001-30|PLASTSAN PLASTICOS DO NORDESTE LTDA|01058|04872931000130||063202743|2303709||ROD BR 222|6755|KM 04|TABAPUA|
|0150|C07202427000464|R CHAGAS & CIA LTDA|01058|07202427000464||067240291|2303709||RUA SANTOS DUMONT|3080||PARQUE POTIRA|
|0150|C30845486000120|R.C. MESSIAS|01058|30845486000120||196230063|2200400||AV NOSSA SENHORA DE FATIMA|2399|LOJA B|CENTRO|
|0150|F07202427/0002-00|R.CHAGAS E CIA.LTDA.FILIAL 2|01058|07202427000200||064023036|2304400||AV.DO IMPERADOR|1738||FARIAS BRITO|
|0150|F07776339000123|Raimundo Nonato de Andrade -ME Caeira Ca|01058|07776339000123||060996773|2300150||Sitio Canta Galo||s/n|Canta galo|
|0150|F61142865/0040-93|RENNER SAYERLACK S/A - FFO|01058|61142865004093||066888549|2304400||AV. DEPUTADO PAULINO ROCHA|1380||CAJAZEIRAS|
|0150|C09309085000169|RJ EMPREENDIMENTOS COMERCIAIS LTDA ME|01058|09309085000169||063577038|2304400||AV IMPERADOR|941||CENTRO|
|0150|F06285680/0001-13|SAIT ABRASIVOS LTDA|01058|06285680000113||9030839991|4120804||AV SAO GABRIEL|433||PLANTA BOM JESUS|
|0150|F15497232/0001-74|SIK PLASTIC IND. E COM. DE PLASTICO LTDA|01058|15497232000174||145249133113|3550308||RUA SãO LEôNIDAS|45||SANTO AMARO|
|0150|F35088657/0001-37|SV COMERCIO DE MATERIAL ELETRICO LTDA|01058|35088657000137||068628021|2304400||AV BEZERRA DE MENEZES|420||FARIAS BRITO|
|0150|F33000118/0015-74|TELEMAR NORTE LESTE S/A|01058|33000118001574||061062057|2304400||AV BORGES DE MELO|1677||FATIMA|
|0150|F12340333000149|TERRAQUA COM.E SERV.DE EQ.AGRICOLAS LTDA|01058|12340333000149||064076350|2307650||AV MENDEL STEINBRUCH|2527||PAJUCARA|
|0150|C23069651000133|TROPICAL MATERIAIS DE CONSTRUCAO LTDA|01058|23069651000133||030057324|1600303||AV 13 DE SETEMBRO|1912||BURITIZAL|
|0150|C11506747/0001-32|V L P MAIA - ME|01058|11506747000132||064019900|2304400||AV I|1111|LOT PQ MONTENEGRO II|PREFEITO JOSE WALTER|
|0150|C11081619/0002-75|VALDITE MOREIRA NOGUEIRA ME|01058|11081619000275||064023745|2303709||AVENI DE CONTORNO LESTE|277||NOVA METROPOLE|
|0150|F23721723/0001-85|VELOFLEX IND DE PROD QUIMICOS E REP LTDA|01058|23721723000185||060334207|2304400||RUA SAO PEDRO 342|342||DIAS MACEDO|
|0150|F04347634/0001-76|VERNILACK COM. E REPRESENTAÇÕES LTDA|01058|04347634000176||063096030|2304400||RUA VITóRIA|1507||HENRIQUE JORGE|
|0150|FF135348030920181|JIANDE EBO TECHNOLOGY CO LTD|1600||||9999999||INDUSTRIAL PARK HOUSHAN VILLAGE|||QIANTAN TOWN|
|0190|PC|PEÇA|
|0190|UN|UNIDADEEE|
|0190|KG|KILOGRAMA|
|0190|M2|METR QUADRADO|
|0190|CX|caixa0009|
|0190|MIL|MILHEI|
|0190|ML|MILHEIRO|
|0190|SC|SACO|
|0190|UND|UNIDADE08|
|0200|004322|MDF CRU 12MM X 1.83M X 2.75M|||M2|01|44111490||44||0||
|0200|003270|LAZZUMIX POLIESTER PEROLA BRANCA FINA|||UN|01|59119000||59||17||
|0200|4634|ARAMADO PLASTSAN|||UN|01|73102990||||||
|0200|7893|ADESIVO  TRAVA ROSCA|||CX|01|35061010||||||
|0220|UN|1|
|0200|7998|PINO 25|||MIL|01|73170090||73||||
|0200|8035|CONSUMO|7893401044178||PC|07|39206999||39||0||
|0200|10267|DOLOMITA MICRONIZADA SC 25KG|||SC|01|25182000||||||
|0200|4000819|DIOXIDO DE TITANIO R902 PL TCN SC25KG|||KG|01|32061110||32||||
|0200|001377|ASS SANIT POL UNIV AZALEA DEC CRISTAL|||UN|04|39222000||39||||
|0200|232|GRAMPO 80/10 (CAIXA C/ 41.250 MILHEIROS)|||ML|01|83052000||83||||
|0200|114010224|MISTURA POLIMERICA MOIDA|||KG|01|39021010||39||||
|0200|14927|CX PAP 197 - GABINETE ALLURE - 570X362X403|||UN|02|48191000||48||||
|0200|16102|CX PAP 199 - KIT SHOW/SUPREME - 390X305X475|||UN|02|48191000||48||||
|0200|233232|BANCADA DO KIT BELART L=29954|||UN|04|69109000||69||||
|0200|99669|20688 CAIXA PE 350 LTS TRANSBINS|||UN|04|39232990||39||||
|0200|16115|ACAB. UV BRILHANTE PARA LASER|7891567150733||KG|01|32082020||32|||2400100|
|0220|KG|1|
|0200|16403|SP-0047/L - PERFIL DE ALUMINIO - PXDR|||PC|01|76042919||76||||
|0200|710043621|CAIXA ITACARE|||UND|02|48195000||48||||
|0200|960612848|PERFIL AL ST-3961 -16 B.|||KG|01|76042920||76||||
|0200|960613515|TAMPA DO DUMPER L=31618|||ML|04|69109000||69||||
|0200|960613516|PINO DO DUMPER L=31619|||ML|04|69109000||69||||
|0400|0000000001|VENDA DE MERCADORIA|
|0400|0000000002|Venda de mercadoria adquirida ou recebida de terceiros|
|0400|0000000003|VENDA DE PRODUCAO|
|0400|0000000004|VENDA DE PRODUCAO DO ESTABELECIMENTO|
|0400|0000000005|VENDA MERC ADQ OU REC DE TERCEIROS|
|0400|0000000006|VENDA PROD ESTABELECIMENTO|
|0450|1|EMIT:23.159.702/0001-18 EM 10/2017 [2317 1023 1597 0200 0118 5500 1000 0014 0815 8802 6205]. INF. CONTRIBUINTE: MERCADORIAS CONSTANTE NFE1408 OBS.DEVOLUCAO PARCIAL AVARIAS REF NF 1408|
|0450|2|DEVOLUCAO PARCIAL REFERENTE NOTA FISCAL 3893.|
|0450|3|REF. INDSUTRIALIZACAO DE MATERIAL DE SUA PROPRIEDADE DEVOLVIDA #SIMBOLICAMENTE NA NF 19802 DATA: 06/12/2018.|
|0450|4|PEDIDO DE COMPRA N 1392798. VALOR APROX. DOS TRIBUTOS: R$ 1.393,68 FEDERAL, R$ 6.437,95 ESTADUAL, FONTE: IBPT/EMPRESOMETRO.COM.BR (D529CB).|
|0450|5|PEDIDO DE COMPRA N 1392770. VALOR APROX. DOS TRIBUTOS: R$ 86,40 FEDERAL, R$ 35,97 ESTADUAL, FONTE: IBPT/EMPRESOMETRO.COM.BR (D529CB).|
|0450|6|PEDIDO DE COMPRA N 1392800. VALOR APROX. DOS TRIBUTOS: R$ 147,50 FEDERAL, R$ 803,34 ESTADUAL, FONTE: IBPT/EMPRESOMETRO.COM.BR (D529CB).|
|0450|7|EMBALAGENS DE SUA PROPRIEDADE QUE SEGUEM EM DEVOLUCAO. ISENTO DO ICMS CONFORME ART 6 § I DEC 24569/97. VALOR APROX. DOS TRIBUTOS: R$ 411,02 FEDERAL, R$ 1.299,76 ESTADUAL, FONTE: IBPT/EMPRESOMETRO.COM.BR (D529CB).|
|0450|8|EMBALAGENS DE SUA PROPRIEDADE QUE SEGUEM EM DEVOLUCAO. ISENTO DO ICMS CONFORME ART 6 § I DEC 24569/97. VALOR APROX. DOS TRIBUTOS: R$ 306,23 FEDERAL, R$ 1.057,28 ESTADUAL, FONTE: IBPT/EMPRESOMETRO.COM.BR (D529CB).|
|0450|9|NF 19805 DO DIA 06/12/2018. EMBALAGENS DE SUA PROPRIEDADE QUE SEGUEM EM DEVOLUCAO. ISENTO DO ICMS CONFORME ART 6 § I DEC 24569/97. VALOR APROX. DOS TRIBUTOS: R$ 362,69 FEDERAL, R$ 1.013,60 ESTADUAL, FONTE: IBPT/EMPRESOMETRO.COM.BR (D529CB).|
|0460|1|DOCUMENTO EMITIDO POR ME OU EPP OPTANTE PELO SIMPLES NACIONAL. PERMITE O APROVEITAMENTO DO CRÉDITO DE ICMS NO VALOR DE R$ 76,50, CORRESPONDENTE À ALÍQUOTA DE 2,56%. NOS TERMOS DO ART. 23 DA LC 123; [TRIB APROX: FED R$ 112,73 (4,20%), EST R$ 483,13 (18,00%|
|0460|2|VENDEDOR: GILBERTO ORCAMENTO: 216836  NOTA EM BOLETO P/ 30 DIAS FAVOR ASSINAR LEGIVEL OBS: BOLETO EM ANEXO  ICMS PARA USO EXCLUSIVO DO DESTINATARIO  VAL APROX TRIBUTOS: R$ 89,83 FONTE: IBPT  FORMA DE PAGAMENTO: FORMA PAGAMENTO: BL|
|0460|3|EMPRESA OPTANTE PELO SIMPLES NACIONAL GERA CREDITO DE ICM'S DE 2,56% / WWW.LABORATORIALCE.COM.BR|
|0460|4|PEDIDO DO CLIENTE: / [01.F] PRISCILA ELAINE PIRES DE MELO  FORMA PAGAMENTO: DN COND. PAGAMENTO: 001 000 - A VISTA  ICMS RETIDO POR SUBSTITUICAO TRIBUTARIA CONFORME DECRETO EST. CE NO 31.270/2013  BASE ICMS: PERC ICMS: ICMS DEST: ICMS ORIG:  OS BOLETOS SAO|
|0460|5|REDESPACHO FOB TCM EXPRESS - FONE:11 2488-5499 - AV LINDOMAR G DE OLIVEIRA, 1143 - CUMBICA-GUARULHOS-SP - CEP: 07232-150 EM ATENDIMENTO AO DISPOSTO O ARTIGO 2  DA LEI 12.741/2012, DESTACAMOS O VAL OR APROXIMADO DOS TRIBUTOS INCIDENTES NOS PRODUTOS. FONTE:|
|0460|6|TRIB. APROX. R$ 0,00 FED, 0,00 EST E 0,00 MUN. F;PERMITE APROVEITAMENTO DE CREDITO DE ICMS NO VALOR DE 47,10 REAIS CORRESPONDENTE A ALIQUOTA DE 2,56% NOS TERMOS DO ART 23 DA LC 123. EMPRESA OPTANTE PELO SIMPLES NACIONAL.|
|0460|7|(**) PRODUTO CLASSIFICADO COMO PERIGOSO . O DIOXIDO DE TITANIO MARCA TI-PURE* NAO DEVE SER ADICIONADO DIRETAMENTE A PRODUTOS ALIMENTICIOS OU FARMACEUTICOS E SEU USO NAO E RECOMENDADO EM APLICACOES MEDICAS E COSMETICAS. TRANSP. REDESPACHO: EXPRESS TCM LTDA|
|0460|8|BOOKING LM0063712 PARA EMISSAO DO BOLETO ACESSAR O LINK: - HTTP://WWW.GUARARAPES.COM.BR/POR/AREA-RESTRITA - OU CASO NAO TENHA USUARIO E SENHA, FAVOR SOLICITAR ATRAVES DO E-MAIL: - COBRANCA@GUARARAPES.COM.BR.|
|0460|9|NFE REF.: SÉRIE:1 NÚMERO:1408 EMIT:23.159.702/0001-18 EM 10/2017 [2317 1023 1597 0200 0118 5500 1000 0014 0815 8802 6205]. INF. CONTRIBUINTE: MERCADORIAS CONSTANTE NFE1408 OBS.DEVOLUCAO PARCIAL AVARIAS REF NF 1408|
|0460|10|TRIB APROX R$ 148,49 FEDERAL, 636,37 ESTADUAL, FONTE IBPT. ALIQUOTA 0 DADO DECRETO NR.6455 DE 12.05.08, VIGORANDO A PARTIR DE 13/05/08,              NAO DESCARREGUE PRODUTOS DE ALUMINIO COM TEMPO CHUVOSO! ARMAZENE O MATERIAL  EM LOCAL SECO E AREJADO.RECLA|
|0460|11|PEDIDO DO CLIENTE: / [01.T] CLEILSON DA COSTA GERMANO  FORMA PAGAMENTO: DN COND. PAGAMENTO: 001 000 - A VISTA  - ICMS RETIDO POR SUB.TRIBUTARIA CONF DECRETO NO EST. CE 28326/2006.  BASE ICMS: PERC ICMS: ICMS DEST: ICMS ORIG:  OS BOLETOS SAO ENVIADOS PELO|
|0460|12|MD-5:DAE3A5473B5BA993CEA73611CD03D263 - ICMS RETIDO POR SUBSTITUICAO TRIBUTARIA CONF.DECRETO 31066 DE 28/09/2012 E REGIME ESPECIAL DE TRIBUTACAO 592/2014 VALOR APROXIMADO DO(S) TRIBUTO(S): R$ 23.69 (20.60%) FEDERAL E R$ 32.20 (28.00%) ESTADUAL FONTE: IBPT|
|0460|13|ICMS PAGO POR SUBSTITUICAO TRIBUTARIA, CONF.DECR.CE.31.270 DE 01/08/2013.|
|0460|14|SUBST.TRIB.CONF.DECR.30519-2011. ICMS P- CREDITO ADQUIRENTE CONFORME ARTIGO 448 DO DECRETO 24569-97 BASE CALC:0 ICMS:0 VAL.APROX.TRIBUTOS R 29,59 36,98% FONTE:IBPT NVE8659 VW 5 140 DELIVERY       BRANCO|
|0460|15|NOTA FISCAL AVULSA ELETRÔNICA EMITIDA PELA SECRETARIA DA FAZENDA DO ESTADO DO CEARÁ. CONTRIBUINTE MEI ISENTO DA COBRANA DA TAXA DA SEFAZ CONFORME ART 7, INCISO VI, DA LEI N 15.838 DE 27 DE JULHO DE 2015|
|0460|16|DOCUMENTO EMITIDO POR ME OU EPP OPTANTE PELO SIMPLES NACIONAL. NAO GERA DIREITO A CREDITO FISCAL DE IPI.  ICMS PAGO EM SUBSTITUICAO TRIBUTARIA CONFORME DECRETO LEI 23.023 DE 31/07/1997 CONFORME DECRETO LEI 31.270 DE 01/08/2013  PERMITE O APROVEITAMENTO DO|
|0460|17|RETIRA PEDIDO DA SRA GIZELY PAG 30 60 DIAS BOLETO VEND WAGNER ALBUQUERQUE EMIT ALINE ARAUJO. ICMS RETIDO POR SUBSTITUICAO TRIBUTARIA DE ACORDO COM DEC 31.270/13 OU 24.569/97 ART 530/531 OU DEC 31.066/12 IN 35/2013. SOLICITACOES DE 2A VIA DO BOLETO ENVIAR|
|0460|18|PEDIDO DO CLIENTE: / [01.F] JOSE DOS RESES CHAVES  FORMA PAGAMENTO: BO COND. PAGAMENTO: 002 030 DDL  PEGO P/ SR..JOVALDO  ICMS RETIDO POR SUBSTITUICAO TRIBUTARIA CONFORME DECRETO EST. CE NO 31.270/2013  BASE ICMS: PERC ICMS: ICMS DEST: ICMS ORIG:  OS BOLE|
|0460|19|"ICMS PAGO POR SUBSTITUICAO TRIBUTARIA CFE. DECRETO 31.270/2013"|
|0460|20|DEVOLUCAO PARCIAL REFERENTE NOTA FISCAL 3893.|
|0460|21|REF. INDSUTRIALIZACAO DE MATERIAL DE SUA PROPRIEDADE DEVOLVIDA #SIMBOLICAMENTE NA NF 19802 DATA: 06/12/2018.|
|0460|22|REFERENTE MATERIAL EXTRUSADO NA PLASTSAN.|
|0460|23|ISENTO DE ICMS CONFORME ARTIGO 6° INCISO I DO DECRETO 24569/97.|
|0460|24|DECLARAMOS QUE OS PRODUTOS ESTAO ADEQUADAMENTE ACONDICIONADOS P/SUPORTAR OS RISCOS NORMAIS DE  CARREGAMENTO, DESCARREG.TRANSBORDO E TRANSP. E QUE ATENDE A REGULAMENT. VIGOR.  AOS NOSSOS CLIENTES, INFORMAMOS QUE ESTAMOS APTOS A RECEBER AS EMBALAGENS USADAS|
|0460|25|DECLARAMOS QUE OS PRODUTOS ESTAO ADEQUADAMENTE ACONDICIONADOS P/SUPORTAR OS RISCOS NORMAIS DE  CARREGAMENTO, DESCARREG.TRANSBORDO E TRANSP. E QUE ATENDE A REGULAMENT. VIGOR.  AOS NOSSOS CLIENTES, INFORMAMOS QUE ESTAMOS APTOS A RECEBER AS EMBALAGENS USADAS|
|0460|26|DECLARAMOS QUE OS PRODUTOS ESTAO ADEQUADAMENTE ACONDICIONADOS P/SUPORTAR OS RISCOS NORMAIS DE  CARREGAMENTO, DESCARREG.TRANSBORDO E TRANSP. E QUE ATENDE A REGULAMENT. VIGOR.  AOS NOSSOS CLIENTES, INFORMAMOS QUE ESTAMOS APTOS A RECEBER AS EMBALAGENS USADAS|
|0460|27|PEDIDO DE COMPRA N 1392798. VALOR APROX. DOS TRIBUTOS: R$ 1.393,68 FEDERAL, R$ 6.437,95 ESTADUAL, FONTE: IBPT/EMPRESOMETRO.COM.BR (D529CB).|
|0460|28|PEDIDO DE COMPRA N 1392770. VALOR APROX. DOS TRIBUTOS: R$ 86,40 FEDERAL, R$ 35,97 ESTADUAL, FONTE: IBPT/EMPRESOMETRO.COM.BR (D529CB).|
|0460|29|PEDIDO DE COMPRA N 1392800. VALOR APROX. DOS TRIBUTOS: R$ 147,50 FEDERAL, R$ 803,34 ESTADUAL, FONTE: IBPT/EMPRESOMETRO.COM.BR (D529CB).|
|0460|30|" FRETE FOB, COBERTURA SECURITARIA POR CONTA DO EMITENTE, EXCLUSIVAMENTE ATE O   ENDERECO DO TRANSPORTADOR INDICADO NESTA NOTA.   PEDIDO N. 451866.  CODIGOCL64469       ### IPI - SUSPENSAO DE IPI CONFORME ARTIGO 83 DO DECRETO 4544/2002  ### IPI - SUSPENSA|
|0460|31|PED. 56964; VND. 34; TRIB APROX R$ 42.16 FEDERAL E R$ 82.42 ESTADUAL; FONTE: IBPT F3L1P3|
|0460|32|ICMS RETIDO POR SUBSTITUICAO TRIBUTARIA CONFORME DECRETO ESTADUAL 31.270 2013 CE. - ICMS RETIDO POR SUBSTITUICAO TRIBUTARIA CONFORME DECRETO ESTADUAL 31.270 2013 CE. CONDICAO DE PAGAMENTO: 30 DIAS. FORMA DE PAGAMENTO: COB - BOLETO (BANCO EMITE). NUMERO DO|
|0460|33|EMPRESA OPTANTE PELO SIMPLES NACIONAL|
|0460|34|PERMITE O APROVEITAMENTO DE CREDITO DE ICMS NO VALOR DE R$12,45QUE E CORRESPONDENTE A ALIQUOTA DE 3,89% DO ART 23/LC 123/06. . JESUS DESEJA TE SALVAR...|
|0460|35|VALOR APROXIMADO DOS IMPOSTOS 2.440 83 (33 03 )|
|0460|36|PAGTO: 28/56/84 DD  INDICE FINANC.:   1,0320 REPRES: 11012 - HELENO/FFO @ ONU 9999 - PRODUTO NAO CLASSIFICADO PARA TRANSPORTE    N.A/N.D 46,00 - QUANTIDADE LIMITADADECLARO QUE OS PRODUTOS PERIGOSOS ESTAO ADEQUADAMENTE CLASSIFICADOS, EMBALADOS, IDENTIFICAD|
|0460|37|VENDA PARA INDUSTRIALIZACAO. NAO SE APLICA ST CONFORME RICMS-CE (DECRETO 24569/97) ART 434 INCISO III - NF#USO INDUSTRIAL#CLIENTE RETIRA|
|0460|38|PEDIDO DO CLIENTE: / [50.T] KILVIA MARIA PINTO SANTIAGO  FORMA PAGAMENTO: BB COND. PAGAMENTO: 079 030/060/090/120/150 DDL  * BASE CALC RED CF CONV ICMS 001/2000 - PRORROGADO CONV ICMS 52/91 *=51,11  BASE ICMS: PERC ICMS: ICMS DEST: ICMS ORIG:  OS BOLETOS|
|0460|39|3 - SUBSTITUICAO TRIBUTARIA CFE DECRETO 28.326 E 31.270/2013;CST 060 = CFOP 5403;OBS.1: SOMENTE ACEITAREMOS DEVOLUCOES COM PREVIA AUTORIZACAO DO NOSSO DEPARTAMENTO ADMINISTRATIVO.;OBS.2: CONFIRA SUA MERCADORIA NO ATO DO RECEBIMENTO, NAO ACEITAMOS RECLAMAC|
|0460|40|DECLARACAO DE IMPORTACAO DE REMESSA 180004200229 DE 07/11/2018. DESPESAS ACESSORIAS REF A CALCULOS DOS IMPOSTOS R$ 107,95 E TARIFA AEROPORTUARIA DE ARMAZENAMENTO R$ 164,47.  IMPOSTO DE IMPORTACAO DE R$ 5.517,71 CALCULADO NOS TERMOS DO ART. 21 DA  IN 1737/|
|0460|41|PEDIDO DE COMPRA N 4501521532. VALOR APROX. DOS TRIBUTOS: R$ 32,10 FEDERAL, R$ 214,04 ESTADUAL, FONTE: IBPT/EMPRESOMETRO.COM.BR (D529CB).|
|0460|42|PEDIDO DE COMPRA N 4501467835. VALOR APROX. DOS TRIBUTOS: R$ 776,67 FEDERAL, R$ 5.177,91 ESTADUAL, FONTE: IBPT/EMPRESOMETRO.COM.BR (D529CB).|
|0460|43|PEDIDO DE COMPRA N 4501554240. VALOR APROX. DOS TRIBUTOS: R$ 22,23 FEDERAL, R$ 148,18 ESTADUAL, FONTE: IBPT/EMPRESOMETRO.COM.BR (D529CB).|
|0460|44|SEM DESTAQUE DO ICMS; (REDACAO DADA PELO AJUSTE SINIEF N 20, DE 09.12.2016 - DOU DE 15.12.2016. REFERENTE A MOSTRUARIO SEM RETORNO. VALOR APROX. DOS TRIBUTOS: R$ 19,41 FEDERAL, R$ 77,00 ESTADUAL, FONTE: IBPT/EMPRESOMETRO.COM.BR (D529CB).|
|0460|45|PEDIDO DE COMPRA N 18042 - OC-42268. VALOR APROX. DOS TRIBUTOS: R$ 253,26 FEDERAL, R$ 1.688,32 ESTADUAL, FONTE: IBPT/EMPRESOMETRO.COM.BR (D529CB).|
|0460|46|PEDIDO DE COMPRA N 18065 - OC N 42619. VALOR APROX. DOS TRIBUTOS: R$ 1.467,63 FEDERAL, R$ 9.784,19 ESTADUAL, FONTE: IBPT/EMPRESOMETRO.COM.BR (D529CB).|
|0460|47|PEDIDO DE COMPRA N 18041 - OC-42269. VALOR APROX. DOS TRIBUTOS: R$ 749,29 FEDERAL, R$ 3.599,99 ESTADUAL, FONTE: IBPT/EMPRESOMETRO.COM.BR (D529CB).|
|0460|48|PEDIDO REFERENTE TROCA DE MOSTRUARIO. SEM DESTAQUE DO ICMS; (REDACAO DADA PELO AJUSTE SINIEF N 20, DE 09.12.2016 - DOU DE 15.12.2016. REFERENTE A MOSTRUARIO SEM RETORNO. VALOR APROX. DOS TRIBUTOS: R$ 278,01 FEDERAL, R$ 1.853,50 ESTADUAL, FONTE: IBPT/EMPRE|
|0460|49|PEDIDO DE BONIFICACAO REFERENTE A PRODUTO AMARELADO N 18043 - OC-42270. VALOR APROX. DOS TRIBUTOS: R$ 320,35 FEDERAL, R$ 1.766,86 ESTADUAL, FONTE: IBPT/EMPRESOMETRO.COM.BR (D529CB).|
|0460|50|PEDIDO DE BONIFICACAO N 18066 - REFERENTE A OC N 42619. VALOR APROX. DOS TRIBUTOS: R$ 145,20 FEDERAL, R$ 968,08 ESTADUAL, FONTE: IBPT/EMPRESOMETRO.COM.BR (D529CB).|
|0460|51|PEDIDO DE COMPRA N 1401243. VALOR APROX. DOS TRIBUTOS: R$ 22,69 FEDERAL, R$ 89,97 ESTADUAL, FONTE: IBPT/EMPRESOMETRO.COM.BR (D529CB).|
|0460|52|PEDIDO DE COMPRA N 1400082. VALOR APROX. DOS TRIBUTOS: R$ 92,05 FEDERAL, R$ 365,07 ESTADUAL, FONTE: IBPT/EMPRESOMETRO.COM.BR (D529CB).|
|0460|53|PEDIDO DE COMPRA N 4807873. VALOR APROX. DOS TRIBUTOS: R$ 945,92 FEDERAL, R$ 3.345,72 ESTADUAL, FONTE: IBPT/EMPRESOMETRO.COM.BR (D529CB).|
|0460|54|PEDIDO DE COMPRA N 10188. VALOR APROX. DOS TRIBUTOS: R$ 899,47 FEDERAL, R$ 3.567,23 ESTADUAL, FONTE: IBPT/EMPRESOMETRO.COM.BR (D529CB).|
|0460|55|PEDIDO DE COMPRA N 1401251. VALOR APROX. DOS TRIBUTOS: R$ 75,62 FEDERAL, R$ 299,90 ESTADUAL, FONTE: IBPT/EMPRESOMETRO.COM.BR (D529CB).|
|0460|56|PEDIDO DE COMPRA N 1403100. VALOR APROX. DOS TRIBUTOS: R$ 679,52 FEDERAL, R$ 2.759,12 ESTADUAL, FONTE: IBPT/EMPRESOMETRO.COM.BR (D529CB).|
|0460|57|PEDIDO DE COMPRA N 1403111. VALOR APROX. DOS TRIBUTOS: R$ 463,83 FEDERAL, R$ 1.839,57 ESTADUAL, FONTE: IBPT/EMPRESOMETRO.COM.BR (D529CB).|
|0460|58|PEDIDO DE COMPRA N 4806756. VALOR APROX. DOS TRIBUTOS: R$ 604,24 FEDERAL, R$ 2.396,34 ESTADUAL, FONTE: IBPT/EMPRESOMETRO.COM.BR (D529CB).|
|0460|59|PEDIDO DE COMPRA N 2806756. VALOR APROX. DOS TRIBUTOS: R$ 1.128,61 FEDERAL, R$ 4.255,09 ESTADUAL, FONTE: IBPT/EMPRESOMETRO.COM.BR (D529CB).|
|0460|60|PEDIDO DE COMPRA N 1398560. VALOR APROX. DOS TRIBUTOS: R$ 23,74 FEDERAL, R$ 158,27 ESTADUAL, FONTE: IBPT/EMPRESOMETRO.COM.BR (D529CB).|
|0460|61|PEDIDO DE COMPRA N 1808298. VALOR APROX. DOS TRIBUTOS: R$ 237,39 FEDERAL, R$ 941,50 ESTADUAL, FONTE: IBPT/EMPRESOMETRO.COM.BR (D529CB).|
|0460|62|PEDIDO DE COMPRA N 2808298. VALOR APROX. DOS TRIBUTOS: R$ 1.006,69 FEDERAL, R$ 3.760,66 ESTADUAL, FONTE: IBPT/EMPRESOMETRO.COM.BR (D529CB).|
|0460|63|PEDIDO DE COMPRA N 4808298. VALOR APROX. DOS TRIBUTOS: R$ 559,36 FEDERAL, R$ 2.144,71 ESTADUAL, FONTE: IBPT/EMPRESOMETRO.COM.BR (D529CB).|
|0460|64|PEDIDO DE COMPRA N 1806756. VALOR APROX. DOS TRIBUTOS: R$ 419,49 FEDERAL, R$ 1.516,31 ESTADUAL, FONTE: IBPT/EMPRESOMETRO.COM.BR (D529CB).|
|0460|65|REF NF 094.961. VALOR APROX. DOS TRIBUTOS: R$ 29,85 FEDERAL, R$ 118,44 ESTADUAL, FONTE: IBPT/EMPRESOMETRO.COM.BR (D529CB).|
|0460|66|REF NF 094.959. VALOR APROX. DOS TRIBUTOS: R$ 17,95 FEDERAL, R$ 71,18 ESTADUAL, FONTE: IBPT/EMPRESOMETRO.COM.BR (D529CB).|
|0460|67|PEDIDO DE COMPRA N 4500076004. VENDA DE MERCADORIA DESTINADA A CONTRIBUINTE COM REGIME DE TRIBUTACAO ESPECIAL CONFORME TERMO DE ACORDO SEFAZ/CE N 629/2013, EM CONFORMIDADE COM O DECRETO 31.270/2013. VALOR APROX. DOS TRIBUTOS: R$ 6,74 FEDERAL, R$ 44,91 EST|
|0460|68|PEDIDO DE COMPRA N 2807873. VALOR APROX. DOS TRIBUTOS: R$ 721,44 FEDERAL, R$ 4.022,57 ESTADUAL, FONTE: IBPT/EMPRESOMETRO.COM.BR (D529CB).|
|0460|69|PEDIDO DE COMPRA N 3807873. ICMS ST PAGO NO DESTINO. TERMO DE ACORDO CONFORME DECRETO 7799/2000. VALOR APROX. DOS TRIBUTOS: R$ 2.012,35 FEDERAL, R$ 7.978,25 ESTADUAL, FONTE: IBPT/EMPRESOMETRO.COM.BR (D529CB).|
|0460|70|PEDIDO DE COMPRA N 3806756. ICMS ST PAGO NO DESTINO. TERMO DE ACORDO CONFORME DECRETO 7799/2000. VALOR APROX. DOS TRIBUTOS: R$ 1.242,94 FEDERAL, R$ 4.803,56 ESTADUAL, FONTE: IBPT/EMPRESOMETRO.COM.BR (D529CB).|
|0460|71|RETORNO REF. NF 079.205. ICMS ST PAGO NO DESTINO. TERMO DE ACORDO CONFORME DECRETO 7799/2000. VALOR APROX. DOS TRIBUTOS: R$ 256,82 FEDERAL, R$ 881,12 ESTADUAL, FONTE: IBPT/EMPRESOMETRO.COM.BR (D529CB).|
|0460|72|RETORNO REF. NF 079.206. ICMS ST PAGO NO DESTINO. TERMO DE ACORDO CONFORME DECRETO 7799/2000. VALOR APROX. DOS TRIBUTOS: R$ 976,04 FEDERAL, R$ 3.871,00 ESTADUAL, FONTE: IBPT/EMPRESOMETRO.COM.BR (D529CB).|
|0460|73|RETORNO REF. NF 079.207. ICMS ST PAGO NO DESTINO. TERMO DE ACORDO CONFORME DECRETO 7799/2000. VALOR APROX. DOS TRIBUTOS: R$ 176,15 FEDERAL, R$ 698,60 ESTADUAL, FONTE: IBPT/EMPRESOMETRO.COM.BR (D529CB).|
|0460|74|RETORNO REF.NF 079.204. ICMS ST PAGO NO DESTINO. TERMO DE ACORDO CONFORME DECRETO 7799/2000. VALOR APROX. DOS TRIBUTOS: R$ 65,25 FEDERAL, R$ 186,57 ESTADUAL, FONTE: IBPT/EMPRESOMETRO.COM.BR (D529CB).|
|0460|75|RETORNO REF. NF 071.780. ICMS ST PAGO NO DESTINO. TERMO DE ACORDO CONFORME DECRETO 7799/2000. VALOR APROX. DOS TRIBUTOS: R$ 31,79 FEDERAL, R$ 83,91 ESTADUAL, FONTE: IBPT/EMPRESOMETRO.COM.BR (D529CB).|
|0460|76|PEDIDO DE COMPRA N 3808298. ICMS ST PAGO NO DESTINO. TERMO DE ACORDO CONFORME DECRETO 7799/2000. VALOR APROX. DOS TRIBUTOS: R$ 924,97 FEDERAL, R$ 3.414,93 ESTADUAL, FONTE: IBPT/EMPRESOMETRO.COM.BR (D529CB).|
|0460|77|PEDIDO DE COMPRA N 5806756. DESTINATARIO ELEITO SUBSTITUTO TRIBUTARIO - CONFORME TERMO DE ACORDO N 2017/18937-0 ART.680, VI DO DECRETO N 21.400/2002 RICMS/SE. VALOR APROX. DOS TRIBUTOS: R$ 1.607,42 FEDERAL, R$ 6.154,07 ESTADUAL, FONTE: IBPT/EMPRESOMETRO.C|
|0460|78|PEDIDO DE COMPRA N 5807873. DESTINATARIO ELEITO SUBSTITUTO TRIBUTARIO - CONFORME TERMO DE ACORDO N 2017/18937-0 ART.680, VI DO DECRETO N 21.400/2002 RICMS/SE. VALOR APROX. DOS TRIBUTOS: R$ 390,69 FEDERAL, R$ 1.522,41 ESTADUAL, FONTE: IBPT/EMPRESOMETRO.COM|
|0460|79|PEDIDO DE COMPRA N 5808298. DESTINATARIO ELEITO SUBSTITUTO TRIBUTARIO - CONFORME TERMO DE ACORDO N 2017/18937-0 ART.680, VI DO DECRETO N 21.400/2002 RICMS/SE. VALOR APROX. DOS TRIBUTOS: R$ 1.050,80 FEDERAL, R$ 3.844,92 ESTADUAL, FONTE: IBPT/EMPRESOMETRO.C|
|0460|80|RETORNO REF. NF 012.645. DESTINATARIO ELEITO SUBSTITUTO TRIBUTARIO - CONFORME TERMO DE ACORDO N 2017/18937-0 ART.680, VI DO DECRETO N 21.400/2002 RICMS/SE. VALOR APROX. DOS TRIBUTOS: R$ 31,13 FEDERAL, R$ 12,96 ESTADUAL, FONTE: IBPT/EMPRESOMETRO.COM.BR (D5|
|0460|81|RETORNO REF. NF 012.618. DESTINATARIO ELEITO SUBSTITUTO TRIBUTARIO - CONFORME TERMO DE ACORDO N 2017/18937-0 ART.680, VI DO DECRETO N 21.400/2002 RICMS/SE. VALOR APROX. DOS TRIBUTOS: R$ 33,83 FEDERAL, R$ 134,16 ESTADUAL, FONTE: IBPT/EMPRESOMETRO.COM.BR (D|
|0460|82|RETORNO REF NF 012.617. DESTINATARIO ELEITO SUBSTITUTO TRIBUTARIO - CONFORME TERMO DE ACORDO N 2017/18937-0 ART.680, VI DO DECRETO N 21.400/2002 RICMS/SE. VALOR APROX. DOS TRIBUTOS: R$ 1,87 FEDERAL, R$ 12,45 ESTADUAL, FONTE: IBPT/EMPRESOMETRO.COM.BR (D529|
|0460|83|RETORNO REF.NF 009.818. DESTINATARIO ELEITO SUBSTITUTO TRIBUTARIO - CONFORME TERMO DE ACORDO N 2017/18937-0 ART.680, VI DO DECRETO N 21.400/2002 RICMS/SE. VALOR APROX. DOS TRIBUTOS: R$ 142,15 FEDERAL, R$ 402,69 ESTADUAL, FONTE: IBPT/EMPRESOMETRO.COM.BR (D|
|0460|84|PEDIDO DE COMPRA N 692352. VALOR APROX. DOS TRIBUTOS: R$ 639,44 FEDERAL, R$ 2.003,10 ESTADUAL, FONTE: IBPT/EMPRESOMETRO.COM.BR (D529CB).|
|0460|85|VALOR APROX. DOS TRIBUTOS: R$ 8,09 FEDERAL, R$ 15,96 ESTADUAL, FONTE: IBPT/EMPRESOMETRO.COM.BR (D529CB).|
|0460|86|PEDIDO DE COMPRA N 74402. VALOR APROX. DOS TRIBUTOS: R$ 1.482,14 FEDERAL, R$ 7.520,65 ESTADUAL, FONTE: IBPT/EMPRESOMETRO.COM.BR (D529CB).|
|0460|87|PEDIDO DE BONIFICACAO REFERENTE A VERBA DE MARKETING DOS PEDIDOS N 74402 E 74481. VALOR APROX. DOS TRIBUTOS: R$ 70,56 FEDERAL, R$ 279,86 ESTADUAL, FONTE: IBPT/EMPRESOMETRO.COM.BR (D529CB).|
|0460|88|PEDIDO DE COMPRA N 1403120. VALOR APROX. DOS TRIBUTOS: R$ 71,58 FEDERAL, R$ 477,23 ESTADUAL, FONTE: IBPT/EMPRESOMETRO.COM.BR (D529CB).|
|0460|89|PEDIDO DE COMPRA N 1401089. VALOR APROX. DOS TRIBUTOS: R$ 48,76 FEDERAL, R$ 257,51 ESTADUAL, FONTE: IBPT/EMPRESOMETRO.COM.BR (D529CB).|
|0460|90|PEDIDO DE COMPRA N 1401083. VALOR APROX. DOS TRIBUTOS: R$ 162,64 FEDERAL, R$ 840,79 ESTADUAL, FONTE: IBPT/EMPRESOMETRO.COM.BR (D529CB).|
|0460|91|PEDIDO DE COMPRA N 1403320. VALOR APROX. DOS TRIBUTOS: R$ 59,30 FEDERAL, R$ 156,65 ESTADUAL, FONTE: IBPT/EMPRESOMETRO.COM.BR (D529CB).|
|0460|92|PEDIDO DE COMPRA N 1403121. VALOR APROX. DOS TRIBUTOS: R$ 103,12 FEDERAL, R$ 537,18 ESTADUAL, FONTE: IBPT/EMPRESOMETRO.COM.BR (D529CB).|
|0460|93|PEDIDO DE COMPRA N 1401366. VALOR APROX. DOS TRIBUTOS: R$ 19,37 FEDERAL, R$ 76,82 ESTADUAL, FONTE: IBPT/EMPRESOMETRO.COM.BR (D529CB).|
|0460|94|PEDIDO DE COMPRA N 9383. VALOR APROX. DOS TRIBUTOS: R$ 199,95 FEDERAL, R$ 962,03 ESTADUAL, FONTE: IBPT/EMPRESOMETRO.COM.BR (D529CB).|
|0460|95|PEDIDO DE COMPRA N 9410. VALOR APROX. DOS TRIBUTOS: R$ 93,84 FEDERAL, R$ 625,52 ESTADUAL, FONTE: IBPT/EMPRESOMETRO.COM.BR (D529CB).|
|0460|96|PEDIDO CLIENTE : 9443. VALOR APROX. DOS TRIBUTOS: R$ 379,96 FEDERAL, R$ 1.853,34 ESTADUAL, FONTE: IBPT/EMPRESOMETRO.COM.BR (D529CB).|
|0460|97|PEDIDO DE COMPRA N 9429. VALOR APROX. DOS TRIBUTOS: R$ 224,60 FEDERAL, R$ 890,74 ESTADUAL, FONTE: IBPT/EMPRESOMETRO.COM.BR (D529CB).|
|0460|98|PEDIDO DE COMPRA N 9437 OC N 29361. VALOR APROX. DOS TRIBUTOS: R$ 254,25 FEDERAL, R$ 1.008,40 ESTADUAL, FONTE: IBPT/EMPRESOMETRO.COM.BR (D529CB).|
|0460|99|EMBALAGENS DE SUA PROPRIEDADE QUE SEGUEM EM DEVOLUCAO. ISENTO DO ICMS CONFORME ART 6 § I DEC 24569/97. VALOR APROX. DOS TRIBUTOS: R$ 411,02 FEDERAL, R$ 1.299,76 ESTADUAL, FONTE: IBPT/EMPRESOMETRO.COM.BR (D529CB).|
|0460|100|EMBALAGENS DE SUA PROPRIEDADE QUE SEGUEM EM DEVOLUCAO. ISENTO DO ICMS CONFORME ART 6 § I DEC 24569/97. VALOR APROX. DOS TRIBUTOS: R$ 306,23 FEDERAL, R$ 1.057,28 ESTADUAL, FONTE: IBPT/EMPRESOMETRO.COM.BR (D529CB).|
|0460|101|VALOR APROX. DOS TRIBUTOS: R$ 6,60 FEDERAL, R$ 12,83 ESTADUAL, FONTE: IBPT/EMPRESOMETRO.COM.BR (D529CB).|
|0460|102|PEDIDO DE COMPRA N 1390494. VALOR APROX. DOS TRIBUTOS: R$ 94,73 FEDERAL, R$ 440,79 ESTADUAL, FONTE: IBPT/EMPRESOMETRO.COM.BR (D529CB).|
|0460|103|PEDIDO DE COMPRA N 1400117. VALOR APROX. DOS TRIBUTOS: R$ 23,74 FEDERAL, R$ 158,27 ESTADUAL, FONTE: IBPT/EMPRESOMETRO.COM.BR (D529CB).|
|0460|104|PEDIDO DE COMPRA N 1398615. VALOR APROX. DOS TRIBUTOS: R$ 62,48 FEDERAL, R$ 311,92 ESTADUAL, FONTE: IBPT/EMPRESOMETRO.COM.BR (D529CB).|
|0460|105|PEDIDO DE COMPRA N 1392797. VALOR APROX. DOS TRIBUTOS: R$ 130,28 FEDERAL, R$ 580,78 ESTADUAL, FONTE: IBPT/EMPRESOMETRO.COM.BR (D529CB).|
|0460|106|PEDIDO DE COMPRA N 1390522. VALOR APROX. DOS TRIBUTOS: R$ 218,11 FEDERAL, R$ 896,95 ESTADUAL, FONTE: IBPT/EMPRESOMETRO.COM.BR (D529CB).|
|0460|107|PEDIDO DE COMPRA N 1395736. VALOR APROX. DOS TRIBUTOS: R$ 23,74 FEDERAL, R$ 158,27 ESTADUAL, FONTE: IBPT/EMPRESOMETRO.COM.BR (D529CB).|
|0460|108|PEDIDO DE COMPRA N 1395243. VALOR APROX. DOS TRIBUTOS: R$ 28,80 FEDERAL, R$ 11,99 ESTADUAL, FONTE: IBPT/EMPRESOMETRO.COM.BR (D529CB).|
|0460|109|PEDIDO DE COMPRA N 1392760. VALOR APROX. DOS TRIBUTOS: R$ 165,31 FEDERAL, R$ 505,23 ESTADUAL, FONTE: IBPT/EMPRESOMETRO.COM.BR (D529CB).|
|0460|110|PEDIDO DE COMPRA N 1400073. VALOR APROX. DOS TRIBUTOS: R$ 159,34 FEDERAL, R$ 825,29 ESTADUAL, FONTE: IBPT/EMPRESOMETRO.COM.BR (D529CB).|
|0460|111|PEDIDO DE COMPRA N 1404040. VALOR APROX. DOS TRIBUTOS: R$ 211,63 FEDERAL, R$ 891,32 ESTADUAL, FONTE: IBPT/EMPRESOMETRO.COM.BR (D529CB).|
|0460|112|PEDIDO DE COMPRA N 1403116. VALOR APROX. DOS TRIBUTOS: R$ 139,87 FEDERAL, R$ 708,96 ESTADUAL, FONTE: IBPT/EMPRESOMETRO.COM.BR (D529CB).|
|0460|113|PEDIDO DE COMPRA N 081718 OC - 21360. VALOR APROX. DOS TRIBUTOS: R$ 375,28 FEDERAL, R$ 2.502,00 ESTADUAL, FONTE: IBPT/EMPRESOMETRO.COM.BR (D529CB).|
|0460|114|NOTA FISCAL DE ACORDO COM O AJUSTE SINIEF 08/2008 (MERCADORIAS DESTINADAS A MOSTRUARIO) A VIAJEM ESTARA ACONTECENDO NO ESTADO DO CEARA . VALOR APROX. DOS TRIBUTOS: R$ 135,61 FEDERAL, R$ 687,65 ESTADUAL, FONTE: IBPT/EMPRESOMETRO.COM.BR (D529CB).|
|0460|115|PEDIDO DE COMPRA N 3269. VALOR APROX. DOS TRIBUTOS: R$ 89,40 FEDERAL, R$ 354,62 ESTADUAL, FONTE: IBPT/EMPRESOMETRO.COM.BR (D529CB).|
|0460|116|PEDIDO DE COMPRA N 3120. VALOR APROX. DOS TRIBUTOS: R$ 59,30 FEDERAL, R$ 235,18 ESTADUAL, FONTE: IBPT/EMPRESOMETRO.COM.BR (D529CB).|
|0460|117|PEDIDO DE MOSTRUARIO. SEM DESTAQUE DO ICMS; (REDACAO DADA PELO AJUSTE SINIEF N 20, DE 09.12.2016 - DOU DE 15.12.2016. REFERENTE A MOSTRUARIO SEM RETORNO. VALOR APROX. DOS TRIBUTOS: R$ 5,93 FEDERAL, R$ 23,52 ESTADUAL, FONTE: IBPT/EMPRESOMETRO.COM.BR (D529C|
|0460|118|VALOR APROX. DOS TRIBUTOS: R$ 7,13 FEDERAL, R$ 13,95 ESTADUAL, FONTE: IBPT/EMPRESOMETRO.COM.BR (D529CB).|
|0460|119|VALOR APROX. DOS TRIBUTOS: R$ 146,07 FEDERAL, R$ 973,80 ESTADUAL, FONTE: IBPT/EMPRESOMETRO.COM.BR (D529CB).|
|0460|120|VALOR APROX. DOS TRIBUTOS: R$ 214,30 FEDERAL, R$ 849,92 ESTADUAL, FONTE: IBPT/EMPRESOMETRO.COM.BR (D529CB).|
|0460|121|PEDIDO DE MOSTRUARIO. SEM DESTAQUE DO ICMS; (REDACAO DADA PELO AJUSTE SINIEF N 20, DE 09.12.2016 - DOU DE 15.12.2016. REFERENTE A MOSTRUARIO SEM RETORNO. VALOR APROX. DOS TRIBUTOS: R$ 21,43 FEDERAL, R$ 84,99 ESTADUAL, FONTE: IBPT/EMPRESOMETRO.COM.BR (D529|
|0460|122|PEDIDO DE COMPRA N 52714. VALOR APROX. DOS TRIBUTOS: R$ 1.332,22 FEDERAL, R$ 5.283,58 ESTADUAL, FONTE: IBPT/EMPRESOMETRO.COM.BR (D529CB).|
|0460|123|PEDIDO DE COMPRA N 007/2018. VALOR APROX. DOS TRIBUTOS: R$ 109,89 FEDERAL, R$ 397,60 ESTADUAL, FONTE: IBPT/EMPRESOMETRO.COM.BR (D529CB).|
|0460|124|PEDIDO DE COMPRA N 4501655440. VALOR APROX. DOS TRIBUTOS: R$ 91,34 FEDERAL, R$ 608,93 ESTADUAL, FONTE: IBPT/EMPRESOMETRO.COM.BR (D529CB).|
|0460|125|PEDIDO DE COMPRA N 4501603280. VALOR APROX. DOS TRIBUTOS: R$ 229,74 FEDERAL, R$ 1.531,76 ESTADUAL, FONTE: IBPT/EMPRESOMETRO.COM.BR (D529CB).|
|0460|126|PEDIDO DE COMPRA N 4501648139. VALOR APROX. DOS TRIBUTOS: R$ 56,21 FEDERAL, R$ 374,73 ESTADUAL, FONTE: IBPT/EMPRESOMETRO.COM.BR (D529CB).|
|0460|127|PEDIDO DE COMPRA N 949769. VALOR APROX. DOS TRIBUTOS: R$ 808,14 FEDERAL, R$ 5.250,72 ESTADUAL, FONTE: IBPT/EMPRESOMETRO.COM.BR (D529CB).|
|0460|128|PEDIDO DE COMPRA N 950949- ATENDIDO PARCIALMENTE. VALOR APROX. DOS TRIBUTOS: R$ 4.794,48 FEDERAL, R$ 17.945,34 ESTADUAL, FONTE: IBPT/EMPRESOMETRO.COM.BR (D529CB).|
|0460|129|PEDIDO DE BONIFICACAO - N 941924 - REF.INTRODUCAO DE SMART CLOSE. VALOR APROX. DOS TRIBUTOS: R$ 393,12 FEDERAL, R$ 2.620,80 ESTADUAL, FONTE: IBPT/EMPRESOMETRO.COM.BR (D529CB).|
|0460|130|PEDIDO DE COMPRA N 947913 REFERENTE AO VPC DE OUTUBRO. VALOR APROX. DOS TRIBUTOS: R$ 201,40 FEDERAL, R$ 798,77 ESTADUAL, FONTE: IBPT/EMPRESOMETRO.COM.BR (D529CB).|
|0460|131|PEDIDO DE MOSTRUARIO. SEM DESTAQUE DO ICMS; (REDACAO DADA PELO AJUSTE SINIEF N 20, DE 09.12.2016 - DOU DE 15.12.2016. REFERENTE A MOSTRUARIO SEM RETORNO. VALOR APROX. DOS TRIBUTOS: R$ 123,77 FEDERAL, R$ 814,49 ESTADUAL, FONTE: IBPT/EMPRESOMETRO.COM.BR (D5|
|0460|132|PEDIDO DE COMPRA N 9572. VALOR APROX. DOS TRIBUTOS: R$ 370,82 FEDERAL, R$ 1.288,18 ESTADUAL, FONTE: IBPT/EMPRESOMETRO.COM.BR (D529CB).|
|0460|133|PEDIDO DE COMPRA N 9555. VALOR APROX. DOS TRIBUTOS: R$ 254,44 FEDERAL, R$ 1.009,15 ESTADUAL, FONTE: IBPT/EMPRESOMETRO.COM.BR (D529CB).|
|0460|134|PEDIDO DE BONIFICACAO N 9561 REFERENTE A 6% PEDIDO DE COMPRA. VALOR APROX. DOS TRIBUTOS: R$ 14,12 FEDERAL, R$ 55,99 ESTADUAL, FONTE: IBPT/EMPRESOMETRO.COM.BR (D529CB).|
|0460|135|PEDIDO DE MOSTRUARIO N 9556. SEM DESTAQUE DO ICMS; (REDACAO DADA PELO AJUSTE SINIEF N 20, DE 09.12.2016 - DOU DE 15.12.2016. REFERENTE A MOSTRUARIO SEM RETORNO. VALOR APROX. DOS TRIBUTOS: R$ 48,12 FEDERAL, R$ 190,85 ESTADUAL, FONTE: IBPT/EMPRESOMETRO.COM.|
|0460|136|PEDIDO DE BONIFICACAO REFERENTE A 6% DO PEDIDO DE COMPRA. VALOR APROX. DOS TRIBUTOS: R$ 22,10 FEDERAL, R$ 87,64 ESTADUAL, FONTE: IBPT/EMPRESOMETRO.COM.BR (D529CB).|
|0460|137|PEDIDO DE COMPRA N 3805882. ICMS ST PAGO NO DESTINO. TERMO DE ACORDO CONFORME DECRETO 7799/2000. PROCESSO N 17626420188 PARECER 26243/2018 02/08/2018. VALOR APROX. DOS TRIBUTOS: R$ 1.376,69 FEDERAL, R$ 5.460,00 ESTADUAL, FONTE: IBPT/EMPRESOMETRO.COM.BR (D|
|0460|138|PEDIDO DE COMPRA N 1401234. VALOR APROX. DOS TRIBUTOS: R$ 638,28 FEDERAL, R$ 2.794,16 ESTADUAL, FONTE: IBPT/EMPRESOMETRO.COM.BR (D529CB).|
|0460|139|PEDIDO DE COMPRA N 1400080. VALOR APROX. DOS TRIBUTOS: R$ 71,22 FEDERAL, R$ 474,81 ESTADUAL, FONTE: IBPT/EMPRESOMETRO.COM.BR (D529CB).|
|0460|140|PEDIDO DE COMPRA N 1403107. VALOR APROX. DOS TRIBUTOS: R$ 780,18 FEDERAL, R$ 3.824,02 ESTADUAL, FONTE: IBPT/EMPRESOMETRO.COM.BR (D529CB).|
|0460|141|PEDIDO DE COMPRA N 1401236. VALOR APROX. DOS TRIBUTOS: R$ 288,89 FEDERAL, R$ 824,54 ESTADUAL, FONTE: IBPT/EMPRESOMETRO.COM.BR (D529CB).|
|0460|142|PEDIDO DE COMPRA N 1403098. VALOR APROX. DOS TRIBUTOS: R$ 335,59 FEDERAL, R$ 1.371,83 ESTADUAL, FONTE: IBPT/EMPRESOMETRO.COM.BR (D529CB).|
|0460|143|PEDIDO DE COMPRA N 5805882. DESTINATARIO ELEITO SUBSTITUTO TRIBUTARIO - CONFORME TERMO DE ACORDO N 2017/18937-0 ART.680, VI DO DECRETO N 21.400/2002 RICMS/SE. VALOR APROX. DOS TRIBUTOS: R$ 1.376,70 FEDERAL, R$ 5.460,00 ESTADUAL, FONTE: IBPT/EMPRESOMETRO.C|
|0460|144|PEDIDO DE COMPRA N 1403073. VALOR APROX. DOS TRIBUTOS: R$ 156,79 FEDERAL, R$ 751,02 ESTADUAL, FONTE: IBPT/EMPRESOMETRO.COM.BR (D529CB).|
|0460|145|PEDIDO DE COMPRA N 1401238. VALOR APROX. DOS TRIBUTOS: R$ 47,48 FEDERAL, R$ 316,54 ESTADUAL, FONTE: IBPT/EMPRESOMETRO.COM.BR (D529CB).|
|0460|146|PEDIDO DE COMPRA N 1398539. VALOR APROX. DOS TRIBUTOS: R$ 35,08 FEDERAL, R$ 203,25 ESTADUAL, FONTE: IBPT/EMPRESOMETRO.COM.BR (D529CB).|
|0460|147|PEDIDO DE COMPRA N 1401237. VALOR APROX. DOS TRIBUTOS: R$ 68,61 FEDERAL, R$ 426,18 ESTADUAL, FONTE: IBPT/EMPRESOMETRO.COM.BR (D529CB).|
|0460|148|PEDIDO DE COMPRA N 1403081. VALOR APROX. DOS TRIBUTOS: R$ 133,84 FEDERAL, R$ 659,00 ESTADUAL, FONTE: IBPT/EMPRESOMETRO.COM.BR (D529CB).|
|0460|149|PEDIDO DE COMPRA N 19270. VALOR APROX. DOS TRIBUTOS: R$ 315,00 FEDERAL, R$ 2.100,00 ESTADUAL, FONTE: IBPT/EMPRESOMETRO.COM.BR (D529CB).|
|0460|150|VALOR APROX. DOS TRIBUTOS: R$ 685,74 FEDERAL, R$ 2.644,51 ESTADUAL, FONTE: IBPT/EMPRESOMETRO.COM.BR (D529CB).|
|0460|151|SEM DESTAQUE DO ICMS; (REDACAO DADA PELO AJUSTE SINIEF N 20, DE 09.12.2016 - DOU DE 15.12.2016. REFERENTE A MOSTRUARIO SEM RETORNO. VALOR APROX. DOS TRIBUTOS: R$ 7,77 FEDERAL, R$ 30,80 ESTADUAL, FONTE: IBPT/EMPRESOMETRO.COM.BR (D529CB).|
|0460|152|PEDIDO DE COMPRA N 4501554431. VALOR APROX. DOS TRIBUTOS: R$ 253,12 FEDERAL, R$ 1.687,60 ESTADUAL, FONTE: IBPT/EMPRESOMETRO.COM.BR (D529CB).|
|0460|153|PEDIDO DE COMPRA N 2018-0711. VALOR APROX. DOS TRIBUTOS: R$ 200,35 FEDERAL, R$ 676,24 ESTADUAL, FONTE: IBPT/EMPRESOMETRO.COM.BR (D529CB).|
|0460|154|PEDIDO DE COMPRA N 1398494. VALOR APROX. DOS TRIBUTOS: R$ 122,71 FEDERAL, R$ 576,77 ESTADUAL, FONTE: IBPT/EMPRESOMETRO.COM.BR (D529CB).|
|0460|155|EXPOSITOR ILHA. SEM DESTAQUE DO ICMS; (REDACAO DADA PELO AJUSTE SINIEF N 20, DE 09.12.2016 - DOU DE 15.12.2016. REFERENTE A MOSTRUARIO SEM RETORNO. VALOR APROX. DOS TRIBUTOS: R$ 44,35 FEDERAL, R$ 152,22 ESTADUAL, FONTE: IBPT/EMPRESOMETRO.COM.BR (D529CB).|
|0460|156|PEDIDO DE COMPRA. VALOR APROX. DOS TRIBUTOS: R$ 77,61 FEDERAL, R$ 517,44 ESTADUAL, FONTE: IBPT/EMPRESOMETRO.COM.BR (D529CB).|
|0460|157|VALOR APROX. DOS TRIBUTOS: R$ 113,88 FEDERAL, R$ 698,80 ESTADUAL, FONTE: IBPT/EMPRESOMETRO.COM.BR (D529CB).|
|0460|158|VALOR APROX. DOS TRIBUTOS: R$ 451,89 FEDERAL, R$ 1.588,00 ESTADUAL, FONTE: IBPT/EMPRESOMETRO.COM.BR (D529CB).|
|0460|159|VALOR APROX. DOS TRIBUTOS: R$ 153,58 FEDERAL, R$ 609,00 ESTADUAL, FONTE: IBPT/EMPRESOMETRO.COM.BR (D529CB).|
|0460|160|EXPOSITOR H(MODELO NOVO). SEM DESTAQUE DO ICMS; (REDACAO DADA PELO AJUSTE SINIEF N 20, DE 09.12.2016 - DOU DE 15.12.2016. REFERENTE A MOSTRUARIO SEM RETORNO. VALOR APROX. DOS TRIBUTOS: R$ 3,88 FEDERAL, R$ 15,40 ESTADUAL, FONTE: IBPT/EMPRESOMETRO.COM.BR (D|
|0460|161|VALOR APROX. DOS TRIBUTOS: R$ 113,10 FEDERAL, R$ 448,48 ESTADUAL, FONTE: IBPT/EMPRESOMETRO.COM.BR (D529CB).|
|0460|162|VALOR APROX. DOS TRIBUTOS: R$ 177,85 FEDERAL, R$ 1.185,52 ESTADUAL, FONTE: IBPT/EMPRESOMETRO.COM.BR (D529CB).|
|0460|163|PEDIDO DE BONIFICACAO REFERENTE A AVARIA. VALOR APROX. DOS TRIBUTOS: R$ 23,86 FEDERAL, R$ 159,04 ESTADUAL, FONTE: IBPT/EMPRESOMETRO.COM.BR (D529CB).|
|0460|164|VALOR APROX. DOS TRIBUTOS: R$ 284,54 FEDERAL, R$ 1.128,53 ESTADUAL, FONTE: IBPT/EMPRESOMETRO.COM.BR (D529CB).|
|0460|165|PEDIDO DE COMPRA N 1805882. VALOR APROX. DOS TRIBUTOS: R$ 284,53 FEDERAL, R$ 1.128,40 ESTADUAL, FONTE: IBPT/EMPRESOMETRO.COM.BR (D529CB).|
|0460|166|VALOR APROX. DOS TRIBUTOS: R$ 803,08 FEDERAL, R$ 3.185,00 ESTADUAL, FONTE: IBPT/EMPRESOMETRO.COM.BR (D529CB).|
|0460|167|PEDIDO DE COMPRA N 4805882. VALOR APROX. DOS TRIBUTOS: R$ 688,36 FEDERAL, R$ 2.730,00 ESTADUAL, FONTE: IBPT/EMPRESOMETRO.COM.BR (D529CB).|
|0460|168|VALOR APROX. DOS TRIBUTOS: R$ 201,60 FEDERAL, R$ 1.344,00 ESTADUAL, FONTE: IBPT/EMPRESOMETRO.COM.BR (D529CB).|
|0460|169|PEDIDO DE COMPRA N 529. VALOR APROX. DOS TRIBUTOS: R$ 310,20 FEDERAL, R$ 2.068,05 ESTADUAL, FONTE: IBPT/EMPRESOMETRO.COM.BR (D529CB).|
|0460|170|PEDIDO DE BONIFICACAO REFERENTE A CAMPANHA DE VENDAS. VALOR APROX. DOS TRIBUTOS: R$ 20,68 FEDERAL, R$ 137,87 ESTADUAL, FONTE: IBPT/EMPRESOMETRO.COM.BR (D529CB).|
|0460|171|PEDIDO DE COMPRA - OC N 6821. INSCRICAO SUFRAMA : 100831508 DESCONTO SUFRAMA : 15,65% DECRETO N 31.471/20154, ART 36, § 1. VALOR APROX. DOS TRIBUTOS: R$ 595,35 FEDERAL, R$ 3.969,00 ESTADUAL, FONTE: IBPT/EMPRESOMETRO.COM.BR (D529CB).|
|0460|172|PEDIDO DE COMPRA OC N 3464. INSCRICAO SUFRAMA : 100100503 DESCONTO SUFRAMA : 15,65% DECRETO N 31.471/2014, ART 36, VALOR APROX. DOS TRIBUTOS: R$ 1.080,53 FEDERAL, R$ 7.203,56 ESTADUAL, FONTE: IBPT/EMPRESOMETRO.COM.BR (D529CB).|
|0460|173|PEDIDO DE COMPRA N 950949-SALDO. VALOR APROX. DOS TRIBUTOS: R$ 2.665,92 FEDERAL, R$ 10.286,42 ESTADUAL, FONTE: IBPT/EMPRESOMETRO.COM.BR (D529CB).|
|0460|174|PEDIDO DE COMPRA N 3808983. ICMS ST PAGO NO DESTINO. TERMO DE ACORDO CONFORME DECRETO 7799/2000. VALOR APROX. DOS TRIBUTOS: R$ 1.079,11 FEDERAL, R$ 3.869,93 ESTADUAL, FONTE: IBPT/EMPRESOMETRO.COM.BR (D529CB).|
|0460|175|PEDIDO DE COMPRA N 4808983. VALOR APROX. DOS TRIBUTOS: R$ 298,23 FEDERAL, R$ 1.182,73 ESTADUAL, FONTE: IBPT/EMPRESOMETRO.COM.BR (D529CB).|
|0460|176|PEDIDO DE COMPRA N 2808983. VALOR APROX. DOS TRIBUTOS: R$ 701,20 FEDERAL, R$ 2.717,96 ESTADUAL, FONTE: IBPT/EMPRESOMETRO.COM.BR (D529CB).|
|0460|177|PEDIDO DE COMPRA N 5808983. DESTINATARIO ELEITO SUBSTITUTO TRIBUTARIO - CONFORME TERMO DE ACORDO N 2017/18937-0 ART.680, VI DO DECRETO N 21.400/2002 RICMS/SE. VALOR APROX. DOS TRIBUTOS: R$ 950,83 FEDERAL, R$ 3.560,78 ESTADUAL, FONTE: IBPT/EMPRESOMETRO.COM|
|0460|178|PEDIDO DE COMPRA N 1808983. VALOR APROX. DOS TRIBUTOS: R$ 104,27 FEDERAL, R$ 376,72 ESTADUAL, FONTE: IBPT/EMPRESOMETRO.COM.BR (D529CB).|
|0460|179|PEDIDO DE COMPRA N 9675. VALOR APROX. DOS TRIBUTOS: R$ 82,13 FEDERAL, R$ 547,51 ESTADUAL, FONTE: IBPT/EMPRESOMETRO.COM.BR (D529CB).|
|0460|180|NF 19805 DO DIA 06/12/2018. EMBALAGENS DE SUA PROPRIEDADE QUE SEGUEM EM DEVOLUCAO. ISENTO DO ICMS CONFORME ART 6 § I DEC 24569/97. VALOR APROX. DOS TRIBUTOS: R$ 362,69 FEDERAL, R$ 1.013,60 ESTADUAL, FONTE: IBPT/EMPRESOMETRO.COM.BR (D529CB).|
|0460|181|PEDIDO DE COMPRA N 4501691687. MERCADORIA COM REDESPACHO PELA EMPRESA -LEROY MERLIN COMPANHIA BRASILEIRA DE BRICOLAGEM CNPJ 01.438.784/0041-94 /I.E 241.040.115.114 ENDERECO DE ENTREGA : RODOVIA ANHANGUERA KM 38 - BAIRRO DISTRITO J CEP 07.789-100 GALPAO 07|
|0460|182|PEDIDO DE COMPRA N 4501692533. MERCADORIA COM REDESPACHO PELA EMPRESA -LEROY MERLIN COMPANHIA BRASILEIRA DE BRICOLAGEM CNPJ 01.438.784/0041-94 /I.E 241.040.115.114 ENDERECO DE ENTREGA : RODOVIA ANHANGUERA KM 38 - BAIRRO DISTRITO J CEP 07.789-100 GALPAO 07|
|0460|183|PEDIDO DE COMPRA N 4501674969. MERCADORIA COM REDESPACHO PELA EMPRESA -LEROY MERLIN COMPANHIA BRASILEIRA DE BRICOLAGEM CNPJ 01.438.784/0041-94 /I.E 241.040.115.114 ENDERECO DE ENTREGA : RODOVIA ANHANGUERA KM 38 - BAIRRO DISTRITO J CEP 07.789-100 GALPAO 07|
|0460|184|PEDIDO DE COMPRA N 4501718178. MERCADORIA COM REDESPACHO PELA EMPRESA -LEROY MERLIN COMPANHIA BRASILEIRA DE BRICOLAGEM CNPJ 01.438.784/0041-94 /I.E 241.040.115.114 ENDERECO DE ENTREGA : RODOVIA ANHANGUERA KM 38 - BAIRRO DISTRITO J CEP 07.789-100 GALPAO 07|
|0460|185|FOB - PRAZO POR FATURA\\\JOAO PESSOA\REDENCAO\ \1-CARGA NORMAL\LEONARDO\\\VOLUME\\FORICE\\ VALOR APROXIMADO DE TRIBUTOS (LEI 12.741) R$35,12 (18,00%)\03-12-2018 00:00:00\|
|0460|186|FOB - PRAZO POR FATURA\\\SAO PAULO\REDENCAO\ \2-DISTANCIA ATE 200 KM\SAENY\390600\\VOLUME\\SPOICE\\ VALOR APROXIMADO DE TRIBUTOS (LEI 12.741) R$20,87 (7,00%)\10-12-2018 00:00:00\|
|0460|187|FOB - PRAZO POR FATURA\\\QUATRO BARRAS\REDENCAO\ \2-DISTANCIA ATE 200 KM\GABRIEL\391285\\VOLUME\\SPOICE\\ VALOR APROXIMADO DE TRIBUTOS (LEI 12.741) R$24,67 (7,00%)\12-12-2018 00:00:00\|
|0460|188|FOB - PRAZO POR FATURA\\\CAMPINAS\REDENCAO\ \2-DISTANCIA ATE 200 KM\SAENY\390513\\VOLUME\\SPOICE\\ VALOR APROXIMADO DE TRIBUTOS (LEI 12.741) R$17,76 (7,00%)\13-12-2018 00:00:00\|
|0460|189|FOB - PRAZO POR FATURA\03625032651-JOSE GREGORIO DOS SANTOS\EDC1334\SAO PAULO\REDENCAO\ \2-DISTANCIA ATE 200 KM\ARTEMIO\391354\\VOLUME\\SPOICE\\ VALOR APROXIMADO DE TRIBUTOS (LEI 12.741) R$38,43 (7,00%)\13-12-2018 00:00:00\|
|0460|190|FOB - PRAZO POR FATURA\\\CABREUVA\REDENCAO\ \2-DISTANCIA ATE 200 KM\SAENY\391476\\VOLUME\\SPOICE\\ VALOR APROXIMADO DE TRIBUTOS (LEI 12.741) R$18,35 (7,00%)\15-12-2018 00:00:00\|
|0990|344|
|C001|0|
|C100|0|1|F15497232/0001-74|55|00|1|1209|35181115497232000174550010000012091143929545|29112018|01122018|2684,03|2|0,00|0,00|2684,03|1|0,00|0,00|0,00|0,00|0,00|0,00|0,00|0,00|0,00|0,00|||
|C170|1|8035||1,000|PC|2684,03|0,00|0|090|2556||0,00|0,00|0,00|0,00|0,00|0,00|0|49||0,00|0,00|0,00||||||||||||||
|C190|090|2556|0,00|2684,03|0,00|0,00|0,00|0,00|0,00|0,00||
|C195|1||
|C100|0|1|F07221472/0003-85|55|00|1|13195|23181107221472000385550010000131951013290053|29112018|01122018|260,00|2|0,00|0,00|260,00|2|0,00|0,00|0,00|260,00|46,80|0,00|0,00|0,00|0,00|0,00|||
|C170|1|003270||2,000|UN|260,00|0,00|0|000|1101||260,00|18,00|46,80|0,00|0,00|0,00|0|49||0,00|0,00|0,00||||||||||||||
|C190|000|1101|18,00|260,00|260,00|46,80|0,00|0,00|0,00|0,00||
|C195|2||
|C100|0|1|F59266676/0002-55|55|00|1|17420|52180459266676000255550010000174201000190393|16042018|01122018|3385,82|2|0,00|0,00|3385,82|0|0,00|0,00|0,00|0,00|0,00|0,00|0,00|0,00|0,00|0,00|||
|C170|1|8035||1,000|PC|3385,82|0,00|0|090|2556||0,00|0,00|0,00|0,00|0,00|0,00|0|49||0,00|0,00|0,00||||||||||||||
|C190|090|2556|0,00|3385,82|0,00|0,00|0,00|0,00|0,00|0,00||
|C100|0|1|F04626218000107|55|00|1|20869|23181104626218000107550010000208691519247268|28112018|01122018|50,00|2|0,00|0,00|50,00|0|0,00|0,00|0,00|0,00|0,00|0,00|0,00|0,00|0,00|0,00|||
|C170|1|8035||1,000|PC|50,00|0,00|0|090|1556||0,00|0,00|0,00|0,00|0,00|0,00|0|49||0,00|0,00|0,00||||||||||||||
|C190|090|1556|0,00|50,00|0,00|0,00|0,00|0,00|0,00|0,00||
|C195|3||
|C100|0|1|F07240450/0001-09|55|00|1|436339|23181107240450000109550010004363391026858422|26112018|01122018|51,13|0|0,00|0,00|51,13|0|0,00|0,00|0,00|0,00|0,00|0,00|0,00|0,00|0,00|0,00|||
|C170|1|8035||1,000|PC|51,13|0,00|0|090|1556|0000000005|0,00|0,00|0,00|0,00|0,00|0,00|0|49||0,00|0,00|0,00||||||||||||||
|C190|090|1556|0,00|51,13|0,00|0,00|0,00|0,00|0,00|0,00||
|C195|4||
|C100|0|1|F06285680/0001-13|55|00|1|51130|41181106285680000113550010000511301001038722|30112018|01122018|6396,00|2|0,00|0,00|6396,00|0|0,00|0,00|0,00|0,00|0,00|0,00|0,00|0,00|0,00|0,00|||
|C170|1|8035||1,000|PC|6396,00|0,00|0|090|2556||0,00|0,00|0,00|0,00|0,00|0,00|0|49||0,00|0,00|0,00||||||||||||||
|C190|090|2556|0,00|6396,00|0,00|0,00|0,00|0,00|0,00|0,00||
|C195|5||
|C100|0|1|F02341415/0001-54|55|00|1|6622|31181102341415000154550010000066221161062954|21112018|01122018|1840,00|2|0,00|0,00|1840,00|0|0,00|0,00|0,00|0,00|0,00|0,00|0,00|0,00|0,00|0,00|||
|C170|1|8035||10000,000|PC|1840,00|0,00|0|090|2556||0,00|0,00|0,00|0,00|0,00|0,00|0|49||0,00|0,00|0,00||||||||||||||
|C190|090|2556|0,00|1840,00|0,00|0,00|0,00|0,00|0,00|0,00||
|C195|6||
|C100|0|1|F47854831/0014-09|55|00|1|78618|25181147854831001409550010000786181973241550|27112018|01122018|2970,00|2|0,00|0,00|2970,00|1|0,00|0,00|0,00|2970,00|118,80|0,00|0,00|0,00|0,00|0,00|||
|C170|1|4000819||150,000|KG|2970,00|0,00|0|200|2101||2970,00|4,00|118,80|0,00|0,00|0,00|0|49||0,00|0,00|0,00||||||||||||||
|C190|200|2101|4,00|2970,00|2970,00|118,80|0,00|0,00|0,00|0,00||
|C195|7||
|C100|0|1|F08810422/0001-34|55|00|10|113077|42181108810422000134550100001130771536214515|14112018|01122018|40443,47|1|0,00|0,00|29825,68|0|8691,91|0,00|0,00|38517,59|2696,23|0,00|0,00|1925,88|0,00|0,00|||
|C170|1|004322||3077,938|M2|29825,68|0,00|0|000|2101|0000000003|38517,59|7,00|2696,23|0,00|0,00|0,00|0|00||38517,60|5,00|1925,88||||||||||||||
|C190|000|2101|7,00|40443,47|38517,59|2696,23|0,00|0,00|0,00|1925,88||
|C195|8||
|C100|0|1|F08197731/0019-00|55|00|10|79089|21171008197731001900550100000790891132798833|25102017|01122018|135,96|2|0,00|0,00|135,96|0|0,00|0,00|0,00|0,00|0,00|0,00|0,00|0,00|0,00|0,00|||
|C110|1||
|C113|1|0|C08197731/0019-00|55|1||1408|10102017|23171023159702000118550010000014081588026205|
|C170|1|001377||1,000|UN|135,96|0,00|0|090|2201||0,00|0,00|0,00|0,00|0,00|0,00|0|49||0,00|0,00|0,00||||||||||||||
|C190|090|2201|0,00|135,96|0,00|0,00|0,00|0,00|0,00|0,00||
|C195|9||
|C100|0|1|F62814611/0001-20|55|00|2|27446|35181162814611000120550020000274461009921556|30112018|01122018|3535,41|2|0,00|0,00|3535,41|1|0,00|0,00|0,00|3535,41|247,48|0,00|0,00|0,00|0,00|0,00|||
|C170|1|960612848||191,000|KG|3535,41|0,00|0|000|2101||3535,41|7,00|247,48|0,00|0,00|0,00|0|49||0,00|0,00|0,00||||||||||||||
|C190|000|2101|7,00|3535,41|3535,41|247,48|0,00|0,00|0,00|0,00||
|C195|10||
|C100|0|1|F40432544/0161-40|55|00|401|1497|23180940432544016140554010000014971328522804|11092018|01122018|2,00|2|0,00|0,00|2,00|0|0,00|0,00|0,00|0,00|0,00|0,00|0,00|0,00|0,00|0,00|||
|C170|1|8035||1,000|PC|2,00|0,00|0|090|1556||0,00|0,00|0,00|0,00|0,00|0,00|0|49||0,00|0,00|0,00||||||||||||||
|C190|090|1556|0,00|2,00|0,00|0,00|0,00|0,00|0,00|0,00||
|C100|0|1|F07240450/0001-09|55|00|1|437346|23181207240450000109550010004373461026934903|03122018|03122018|43,00|0|2,35|0,00|45,35|0|0,00|0,00|0,00|0,00|0,00|0,00|0,00|0,00|0,00|0,00|||
|C170|1|8035||1,000|PC|45,35|2,35|0|090|1556|0000000005|0,00|0,00|0,00|0,00|0,00|0,00|0|49||0,00|0,00|0,00||||||||||||||
|C190|090|1556|0,00|43,00|0,00|0,00|0,00|0,00|0,00|0,00||
|C195|11||
|C100|0|1|F07792435/0001-65|55|00|2|105602|23181207792435000165550020001056021004113124|03122018|03122018|115,00|2|0,00|0,00|115,00|1|0,00|0,00|0,00|0,00|0,00|0,00|0,00|0,00|0,00|0,00|||
|C170|1|8035||1,000|PC|115,00|0,00|0|090|1556||0,00|0,00|0,00|0,00|0,00|0,00|0|49||0,00|0,00|0,00||||||||||||||
|C190|090|1556|0,00|115,00|0,00|0,00|0,00|0,00|0,00|0,00||
|C195|12||
|C100|0|1|F07202427/0002-00|55|00|0|75848|23181207202427000200550000000758481084740755|04122018|04122018|342,72|2|14,28|0,00|357,00|1|0,00|0,00|0,00|0,00|0,00|0,00|0,00|0,00|0,00|0,00|||
|C170|1|7893||6,000|CX|357,00|14,28|0|090|1101||0,00|0,00|0,00|0,00|0,00|0,00|0|49||0,00|0,00|0,00||||||||||||||
|C190|090|1101|0,00|342,72|0,00|0,00|0,00|0,00|0,00|0,00||
|C195|13||
|C100|0|1|F07343858000440|55|00|1|15053|23181207343858000440550010000150531150538760|04122018|04122018|80,00|2|0,00|0,00|80,00|9|0,00|0,00|0,00|0,00|0,00|0,00|0,00|0,00|0,00|0,00|||
|C170|1|8035||1,000|PC|80,00|0,00|0|090|1556||0,00|0,00|0,00|0,00|0,00|0,00|0|49||0,00|0,00|0,00||||||||||||||
|C190|090|1556|0,00|80,00|0,00|0,00|0,00|0,00|0,00|0,00||
|C195|14||
|C100|0|1|F20061395000144|55|08|890|175854|23181207954597000152558900001758541001758547|04122018|04122018|297,00|2|0,00|0,00|297,00|9|0,00|0,00|0,00|0,00|0,00|0,00|0,00|0,00|0,00|0,00|||
|C170|1|8035||1,000|PC|297,00|0,00|0|090|1556||0,00|0,00|0,00|0,00|0,00|0,00|0|49||0,00|0,00|0,00||||||||||||||
|C190|090|1556|0,00|297,00|0,00|0,00|0,00|0,00|0,00|0,00||
|C195|15||
|C100|0|1|F04347634/0001-76|55|00|1|14727|23181204347634000176550010000147271000002295|05122018|05122018|427,27|2|0,00|0,00|427,27|1|0,00|0,00|0,00|0,00|0,00|0,00|0,00|0,00|0,00|0,00|||
|C170|1|7998||35,000|MIL|290,85|0,00|0|090|1101||0,00|0,00|0,00|0,00|0,00|0,00|0|49||0,00|0,00|0,00||||||||||||||
|C170|2|232||47,040|ML|136,42|0,00|0|090|1101||0,00|0,00|0,00|0,00|0,00|0,00|0|49||0,00|0,00|0,00||||||||||||||
|C190|090|1101|0,00|427,27|0,00|0,00|0,00|0,00|0,00|0,00||
|C195|16||
|C100|0|1|F35088657/0001-37|55|00|1|327585|23181235088657000137550010003275851754532199|05122018|05122018|1327,07|1|0,00|0,00|1327,07|1|0,00|0,00|0,00|0,00|0,00|0,00|0,00|0,00|0,00|0,00|||
|C170|1|8035||1,000|PC|1327,07|0,00|0|090|1556|0000000001|0,00|0,00|0,00|0,00|0,00|0,00|0|49||0,00|0,00|0,00||||||||||||||
|C190|090|1556|0,00|1327,07|0,00|0,00|0,00|0,00|0,00|0,00||
|C195|17||
|C100|0|1|F07240450/0001-09|55|00|1|437683|23181207240450000109550010004376831026959809|05122018|05122018|252,00|1|0,00|0,00|252,00|0|0,00|0,00|0,00|0,00|0,00|0,00|0,00|0,00|0,00|0,00|||
|C170|1|8035||1,000|PC|252,00|0,00|0|090|1556|0000000005|0,00|0,00|0,00|0,00|0,00|0,00|0|49||0,00|0,00|0,00||||||||||||||
|C190|090|1556|0,00|252,00|0,00|0,00|0,00|0,00|0,00|0,00||
|C195|18||
|C100|0|1|F04934227/0001-65|55|00|1|53380|23181204934227000165550010000533801002778692|05122018|05122018|721,05|2|0,00|0,00|721,05|0|0,00|0,00|0,00|0,00|0,00|0,00|0,00|0,00|0,00|0,00|||
|C170|1|8035||1,000|PC|721,05|0,00|0|090|1556||0,00|0,00|0,00|0,00|0,00|0,00|0|49||0,00|0,00|0,00||||||||||||||
|C190|090|1556|0,00|721,05|0,00|0,00|0,00|0,00|0,00|0,00||
|C195|19||
|C100|0|1|F04872931/0001-30|55|00|0|19802|23181204872931000130550000000198021050199536|06122018|06122018|456,00|2|0,00|0,00|456,00|1|0,00|0,00|0,00|0,00|0,00|0,00|0,00|0,00|0,00|0,00|||
|C110|2||
|C113|1|0|C04872931/0001-30|55|1||3893|29112018|23181123159702000118550010000038931141873432|
|C170|1|114010224||57,000|KG|456,00|0,00|0|090|1902||0,00|0,00|0,00|0,00|0,00|0,00|0|49||0,00|0,00|0,00||||||||||||||
|C190|090|1902|0,00|456,00|0,00|0,00|0,00|0,00|0,00|0,00||
|C195|20||
|C100|0|1|F04872931/0001-30|55|00|0|19803|23181204872931000130550000000198031952308867|06122018|06122018|700,00|2|0,00|0,00|700,00|1|0,00|0,00|0,00|0,00|0,00|0,00|0,00|0,00|0,00|0,00|||
|C110|3||
|C113|0|1|F04872931/0001-30|55|0||19802|06122018|23181204872931000130550000000198021050199536|
|C170|1|960613515||3,710|ML|259,70|0,00|0|090|1124||0,00|0,00|0,00|0,00|0,00|0,00|0|49||0,00|0,00|0,00||||||||||||||
|C170|2|960613515||1,290|ML|90,30|0,00|0|090|1124||0,00|0,00|0,00|0,00|0,00|0,00|0|49||0,00|0,00|0,00||||||||||||||
|C170|3|960613516||2,660|ML|186,20|0,00|0|090|1124||0,00|0,00|0,00|0,00|0,00|0,00|0|49||0,00|0,00|0,00||||||||||||||
|C170|4|960613516||2,340|ML|163,80|0,00|0|090|1124||0,00|0,00|0,00|0,00|0,00|0,00|0|49||0,00|0,00|0,00||||||||||||||
|C190|090|1124|0,00|700,00|0,00|0,00|0,00|0,00|0,00|0,00||
|C195|21||
|C100|0|1|F04872931/0001-30|55|00|0|19804|23181204872931000130550000000198041315705498|06122018|06122018|1613,96|2|0,00|0,00|1613,96|0|0,00|0,00|0,00|0,00|0,00|0,00|0,00|0,00|0,00|0,00|||
|C170|1|233232||1028,000|UN|1613,96|0,00|0|090|1124||0,00|0,00|0,00|0,00|0,00|0,00|0|49||0,00|0,00|0,00||||||||||||||
|C190|090|1124|0,00|1613,96|0,00|0,00|0,00|0,00|0,00|0,00||
|C195|22||
|C100|0|1|F04872931/0001-30|55|00|0|19805|23181204872931000130550000000198051389381936|06122018|06122018|3940,00|2|0,00|0,00|3940,00|0|0,00|0,00|0,00|0,00|0,00|0,00|0,00|0,00|0,00|0,00|||
|C170|1|99669||30,000|UN|3540,00|0,00|0|090|1920||0,00|0,00|0,00|0,00|0,00|0,00|0|49||0,00|0,00|0,00||||||||||||||
|C170|2|4634||2,000|UN|400,00|0,00|0|090|1920||0,00|0,00|0,00|0,00|0,00|0,00|0|49||0,00|0,00|0,00||||||||||||||
|C190|090|1920|0,00|3940,00|0,00|0,00|0,00|0,00|0,00|0,00||
|C195|23||
|C100|0|1|F01437603000118|55|00|1|21440|35181101437603000118550010000214401999785593|28112018|06122018|1660,00|2|0,00|0,00|1660,00|0|0,00|0,00|0,00|0,00|0,00|0,00|0,00|0,00|0,00|0,00|||
|C170|1|8035||1,000|PC|1660,00|0,00|0|090|2556||0,00|0,00|0,00|0,00|0,00|0,00|0|49||0,00|0,00|0,00||||||||||||||
|C190|090|2556|0,00|1660,00|0,00|0,00|0,00|0,00|0,00|0,00||
|C195|24||
|C100|0|1|F01437603000118|55|00|1|21441|35181101437603000118550010000214411999785582|28112018|06122018|204,25|2|0,00|0,00|204,25|0|0,00|0,00|0,00|0,00|0,00|0,00|0,00|0,00|0,00|0,00|||
|C170|1|8035||1,000|PC|204,25|0,00|0|090|2556||0,00|0,00|0,00|0,00|0,00|0,00|0|49||0,00|0,00|0,00||||||||||||||
|C190|090|2556|0,00|204,25|0,00|0,00|0,00|0,00|0,00|0,00||
|C195|25||
|C100|0|1|F01437603000118|55|00|1|21442|35181101437603000118550010000214421999785571|28112018|06122018|183,75|2|0,00|0,00|183,75|0|0,00|0,00|0,00|0,00|0,00|0,00|0,00|0,00|0,00|0,00|||
|C170|1|8035||1,000|PC|183,75|0,00|0|090|2556||0,00|0,00|0,00|0,00|0,00|0,00|0|49||0,00|0,00|0,00||||||||||||||
|C190|090|2556|0,00|183,75|0,00|0,00|0,00|0,00|0,00|0,00||
|C195|26||
|C100|0|0|F08197731/0004-23|55|00|1|3978|23181223159702000118550010000039781298336279|06122018|06122018|24861,93|0|0,00|0,00|24540,11|0|0,00|0,00|0,00|24540,11|2944,81|0,00|0,00|321,82|0,00|0,00|||
|C110|4||
|C113|1|0|C08197731/0004-23|55|1||3639|24102018|23181023159702000118550010000036391916152390|
|C190|000|2949|12,00|24861,93|24540,11|2944,81|0,00|0,00|0,00|321,82||
|C195|27||
|C100|0|0|F83817858004320|55|00|1|3980|23181223159702000118550010000039801339610971|07122018|07122018|642,36|0|0,00|0,00|642,36|0|0,00|0,00|0,00|642,36|77,08|0,00|0,00|0,00|0,00|0,00|||
|C110|5||
|C113|1|0|C08197731/0011-52|55|1||3605|17102018|23181023159702000118550010000036051959233599|
|C190|000|2949|12,00|642,36|642,36|77,08|0,00|0,00|0,00|0,00||
|C195|28||
|C100|0|0|F83817858004591|55|00|1|3981|23181223159702000118550010000039811156348728|07122018|07122018|3040,32|0|0,00|0,00|3040,32|0|0,00|0,00|0,00|0,00|0,00|0,00|0,00|0,00|0,00|0,00|||
|C110|6||
|C113|1|0|C08197731/0005-04|55|1||3604|17102018|23181023159702000118550010000036041599840815|
|C190|090|2949|0,00|3040,32|0,00|0,00|0,00|0,00|0,00|0,00||
|C195|29||
|C100|0|1|F03972740/0001-88|55|00|4|226|35181203972740000188550040000002261006392213|05122018|08122018|2823,00|2|0,00|0,00|2823,00|1|0,00|0,00|0,00|2823,00|197,61|0,00|0,00|0,00|0,00|0,00|||
|C170|1|16403||100,000|PC|2823,00|0,00|0|000|2101||2823,00|7,00|197,61|0,00|0,00|0,00|0|49||0,00|0,00|0,00||||||||||||||
|C190|000|2101|7,00|2823,00|2823,00|197,61|0,00|0,00|0,00|0,00||
|C195|30||
|C100|0|1|F01602389000299|55|00|1|1915|23181201602389000299550010000019151108000006|10122018|10122018|9801,16|2|0,00|0,00|9801,16|2|0,00|0,00|0,00|0,00|0,00|0,00|0,00|0,00|0,00|0,00|||
|C170|1|8035||1,000|PC|9801,16|0,00|0|090|1556||0,00|0,00|0,00|0,00|0,00|0,00|0|49||0,00|0,00|0,00||||||||||||||
|C190|090|1556|0,00|9801,16|0,00|0,00|0,00|0,00|0,00|0,00||
|C100|0|1|F12340333000149|55|00|1|8925|23181212340333000149550010000089251000773576|10122018|10122018|294,35|0|0,00|0,00|294,35|1|0,00|0,00|0,00|0,00|0,00|0,00|0,00|0,00|0,00|0,00|||
|C170|1|8035||1,000|PC|294,35|0,00|0|090|1556|0000000002|0,00|0,00|0,00|0,00|0,00|0,00|0|49||0,00|0,00|0,00||||||||||||||
|C190|090|1556|0,00|294,35|0,00|0,00|0,00|0,00|0,00|0,00||
|C195|31||
|C100|0|1|F01602389000299|55|00|1|1916|23181201602389000299550010000019161108000003|11122018|11122018|1500,00|2|0,00|0,00|1500,00|2|0,00|0,00|0,00|0,00|0,00|0,00|0,00|0,00|0,00|0,00|||
|C170|1|8035||1,000|PC|1500,00|0,00|0|090|1556||0,00|0,00|0,00|0,00|0,00|0,00|0|49||0,00|0,00|0,00||||||||||||||
|C190|090|1556|0,00|1500,00|0,00|0,00|0,00|0,00|0,00|0,00||
|C100|0|1|F01602389000299|55|00|1|1917|23181201602389000299550010000019171108000000|11122018|11122018|1000,00|2|0,00|0,00|1000,00|2|0,00|0,00|0,00|0,00|0,00|0,00|0,00|0,00|0,00|0,00|||
|C170|1|8035||263,296|PC|1000,00|0,00|0|090|1556||0,00|0,00|0,00|0,00|0,00|0,00|0|49||0,00|0,00|0,00||||||||||||||
|C190|090|1556|0,00|1000,00|0,00|0,00|0,00|0,00|0,00|0,00||
|C100|0|1|F07557333/0007-50|55|00|1|345433|23181207557333000750550010003454331642537765|11122018|11122018|545,10|2|0,00|0,00|545,10|1|0,00|0,00|0,00|0,00|0,00|0,00|0,00|0,00|0,00|0,00|||
|C170|1|8035||1,000|PC|545,10|0,00|0|090|1556||0,00|0,00|0,00|0,00|0,00|0,00|0|49||0,00|0,00|0,00||||||||||||||
|C190|090|1556|0,00|545,10|0,00|0,00|0,00|0,00|0,00|0,00||
|C195|32||
|C100|0|1|F07791051000128|55|00|1|860|52181007791051000128550010000008601000013490|11102018|11122018|4480,00|2|0,00|0,00|4480,00|0|0,00|0,00|0,00|0,00|0,00|0,00|0,00|0,00|0,00|0,00|||
|C170|1|8035||1,000|PC|4480,00|0,00|0|090|2556||0,00|0,00|0,00|0,00|0,00|0,00|0|49||0,00|0,00|0,00||||||||||||||
|C190|090|2556|0,00|4480,00|0,00|0,00|0,00|0,00|0,00|0,00||
|C195|33||
|C100|0|1|F07776339000123|55|00|1|10640|23181207776339000123550010000106401000106406|12122018|12122018|320,00|0|0,00|0,00|320,00|0|0,00|0,00|0,00|0,00|0,00|0,00|0,00|0,00|0,00|0,00|||
|C170|1|10267||2,000|SC|320,00|0,00|0|090|1101|0000000004|0,00|0,00|0,00|0,00|0,00|0,00|0|49||0,00|0,00|0,00||||||||||||||
|C190|090|1101|0,00|320,00|0,00|0,00|0,00|0,00|0,00|0,00||
|C195|34||
|C100|0|1|F02500041/0001-72|55|00|1|34092|23181202500041000172550010000340921000311340|12122018|12122018|8498,17|1|0,00|0,00|7389,71|0|0,00|0,00|0,00|7389,71|1330,14|0,00|0,00|1108,46|0,00|0,00|||
|C170|1|14927||1073,000|UN|3401,41|0,00|0|000|1101|0000000006|3401,41|18,00|612,25|0,00|0,00|0,00|0|00||3401,40|15,00|510,21||||||||||||||
|C170|2|16102||1060,000|UN|2681,80|0,00|0|000|1101|0000000006|2681,80|18,00|482,72|0,00|0,00|0,00|0|00||2681,80|15,00|402,27||||||||||||||
|C170|3|710043621||150,000|UND|1306,50|0,00|0|000|1101|0000000006|1306,50|18,00|235,17|0,00|0,00|0,00|0|00||1306,53|15,00|195,98||||||||||||||
|C190|000|1101|18,00|8498,17|7389,71|1330,14|0,00|0,00|0,00|1108,46||
|C195|35||
|C100|0|1|F61142865/0040-93|55|00|7|14361|23181261142865004093550070000143611334686230|12122018|12122018|1225,22|1|0,00|0,00|1166,88|1|0,00|0,00|0,00|1166,88|210,04|0,00|0,00|58,34|0,00|0,00|||
|C170|1|16115||46,000|KG|1166,88|0,00|0|000|1101|0000000004|1166,88|18,00|210,04|0,00|0,00|0,00|0|00||1166,80|5,00|58,34||||||||||||||
|C190|000|1101|18,00|1225,22|1166,88|210,04|0,00|0,00|0,00|58,34||
|C195|36||
|C100|0|1|F23721723/0001-85|55|00|0|62593|23181223721723000185550000000625931250389418|13122018|13122018|1160,00|1|0,00|0,00|1160,00|0|0,00|0,00|0,00|0,00|0,00|0,00|0,00|0,00|0,00|0,00|||
|C170|1|8035||1,000|PC|1160,00|0,00|0|090|1556||0,00|0,00|0,00|0,00|0,00|0,00|0|49||0,00|0,00|0,00||||||||||||||
|C190|090|1556|0,00|1160,00|0,00|0,00|0,00|0,00|0,00|0,00||
|C195|37||
|C100|0|1|F07240450/0004-43|55|00|1|377341|23181207240450000443550010003773411027052687|13122018|13122018|981,63|2|0,00|0,00|981,63|0|0,00|0,00|0,00|0,00|0,00|0,00|0,00|0,00|0,00|0,00|||
|C170|1|8035||1,000|PC|981,63|0,00|0|090|1556||0,00|0,00|0,00|0,00|0,00|0,00|0|49||0,00|0,00|0,00||||||||||||||
|C190|090|1556|0,00|981,63|0,00|0,00|0,00|0,00|0,00|0,00||
|C195|38||
|C100|0|1|F11368297/0001-69|55|00|1|96670|23181211368297000169550010000966701000966709|13122018|13122018|297,98|2|0,00|0,00|297,98|0|0,00|0,00|0,00|0,00|0,00|0,00|0,00|0,00|0,00|0,00|||
|C170|1|8035||1,000|PC|297,98|0,00|0|090|1556||0,00|0,00|0,00|0,00|0,00|0,00|0|49||0,00|0,00|0,00||||||||||||||
|C190|090|1556|0,00|297,98|0,00|0,00|0,00|0,00|0,00|0,00||
|C195|39||
|C100|0|0|FF135348030920181|55|00|1|4061|23181223159702000118550010000040611935001211|14122018|14122018|18216,08|0|0,00|0,00|12426,00|1|0,00|0,00|5790,08|17943,78|3229,88|0,00|0,00|0,00|0,00|0,00|||
|C120|0|12001619|0,00|0,00||
|C190|100|3101|18,00|18216,08|17943,78|3229,88|0,00|0,00|0,00|0,00||
|C195|40||
|C100|0|1|F07202427/0002-00|55|00|0|76079|23181207202427000200550000000760791007292023|17122018|17122018|873,89|1|0,00|0,00|873,89|1|0,00|0,00|0,00|0,00|0,00|0,00|0,00|0,00|0,00|0,00|||
|C170|1|8035||1,000|PC|873,89|0,00|0|090|1556||0,00|0,00|0,00|0,00|0,00|0,00|0|49||0,00|0,00|0,00||||||||||||||
|C190|090|1556|0,00|873,89|0,00|0,00|0,00|0,00|0,00|0,00||
|C195|13||
|C100|1|0|C01438784/0054-09|55|00|1|3917|23181223159702000118550010000039171456072620|03122018|03122018|764,40|1|0,00|0,00|764,40|0|0,00|0,00|0,00|764,40|91,72|0,00|0,00|0,00|4,97|22,94|||
|C190|000|6101|12,00|764,40|764,40|91,72|0,00|0,00|0,00|0,00||
|C195|41||
|C100|1|0|C01438784/0054-09|55|00|1|3918|23181223159702000118550010000039181081780934|03122018|03122018|18492,60|1|0,00|0,00|18492,60|0|0,00|0,00|0,00|18492,60|2219,13|0,00|0,00|0,00|120,21|554,76|||
|C190|000|6101|12,00|18492,60|18492,60|2219,13|0,00|0,00|0,00|0,00||
|C195|42||
|C100|1|0|C01438784/0054-09|55|00|1|3919|23181223159702000118550010000039191548735387|03122018|03122018|529,20|1|0,00|0,00|529,20|0|0,00|0,00|0,00|529,20|63,50|0,00|0,00|0,00|3,44|15,88|||
|C190|000|6101|12,00|529,20|529,20|63,50|0,00|0,00|0,00|0,00||
|C195|43||
|C100|1|0|C01438784/0054-09|55|00|1|3920|23181223159702000118550010000039201593352115|03122018|03122018|288,75|0|0,00|0,00|275,00|0|0,00|0,00|0,00|0,00|0,00|0,00|0,00|13,75|0,00|0,00|||
|C190|090|6912|0,00|288,75|0,00|0,00|0,00|0,00|0,00|13,75||
|C195|44||
|C100|1|0||55|02|1|3921|23181223159702000118550010000039211330943454|||||||||||||||||||||
|C100|1|0|C08397374000102|55|00|1|3922|23181223159702000118550010000039221797874351|03122018|03122018|6029,70|1|0,00|0,00|6029,70|0|0,00|0,00|0,00|6029,70|723,56|0,00|0,00|0,00|39,18|180,90|||
|C190|000|6101|12,00|6029,70|6029,70|723,56|0,00|0,00|0,00|0,00||
|C195|45||
|C100|1|0|C08397374000102|55|00|1|3923|23181223159702000118550010000039231242510984|03122018|03122018|34943,52|1|0,00|0,00|34943,52|0|0,00|0,00|0,00|34943,52|4193,21|0,00|0,00|0,00|227,12|1048,31|||
|C190|000|6101|12,00|34943,52|34943,52|4193,21|0,00|0,00|0,00|0,00||
|C195|46||
|C100|1|0|C08397374000102|55|00|1|3924|23181223159702000118550010000039241868286826|03122018|03122018|13223,07|1|0,00|0,00|12857,16|0|0,00|0,00|0,00|12857,16|1542,87|0,00|0,00|365,91|83,58|385,70|||
|C190|000|6101|12,00|13223,07|12857,16|1542,87|0,00|0,00|0,00|365,91||
|C195|47||
|C100|1|0|C08397374000102|55|00|1|3925|23181223159702000118550010000039251705468167|03122018|03122018|6619,72|0|0,00|0,00|6619,72|0|0,00|0,00|0,00|0,00|0,00|0,00|0,00|0,00|17,06|78,68|||
|C190|090|6912|0,00|6619,72|0,00|0,00|0,00|0,00|0,00|0,00||
|C195|48||
|C100|1|0|C08397374000102|55|00|1|3926|23181223159702000118550010000039261905025371|03122018|03122018|6406,93|0|0,00|0,00|6310,20|0|0,00|0,00|0,00|6310,20|757,23|0,00|0,00|96,73|34,19|157,82|||
|C190|000|6910|12,00|6406,93|6310,20|757,23|0,00|0,00|0,00|96,73||
|C195|49||
|C100|1|0|C08397374000102|55|00|1|3927|23181223159702000118550010000039271082280900|03122018|03122018|3457,44|0|0,00|0,00|3457,44|0|0,00|0,00|0,00|3457,44|414,88|0,00|0,00|0,00|16,86|77,80|||
|C190|000|6910|12,00|3457,44|3457,44|414,88|0,00|0,00|0,00|0,00||
|C195|50||
|C100|1|0|C83817858/0037-81|55|00|1|3928|23181223159702000118550010000039281831028792|03122018|03122018|337,39|1|0,00|0,00|321,32|0|0,00|0,00|0,00|321,32|38,56|0,00|0,00|16,07|2,09|9,64|||
|C190|000|6101|12,00|337,39|321,32|38,56|0,00|0,00|0,00|16,07||
|C195|51||
|C100|1|0|C83817858/0037-81|55|00|1|3929|23181223159702000118550010000039291898862163|03122018|03122018|1369,01|1|0,00|0,00|1303,82|0|0,00|0,00|0,00|1303,82|156,46|0,00|0,00|65,19|8,48|39,11|||
|C190|000|6101|12,00|1369,01|1303,82|156,46|0,00|0,00|0,00|65,19||
|C195|52||
|C100|1|0|C10230480/0006-45|55|00|1|3930|23181223159702000118550010000039301838033064|03122018|03122018|14766,26|1|0,00|0,00|14766,26|0|0,00|0,00|0,00|14766,26|1771,94|0,00|0,00|0,00|95,97|443,01|||
|C190|000|6101|12,00|14766,26|14766,26|1771,94|0,00|0,00|0,00|0,00||
|C195|53||
|C100|1|0|C05507986000104|55|00|1|3931|23181223159702000118550010000039311325471538|03122018|03122018|13377,21|1|0,00|0,00|12740,19|0|0,00|0,00|0,00|12740,19|1528,85|0,00|0,00|637,02|82,81|382,21|||
|C190|000|6101|12,00|13377,21|12740,19|1528,85|0,00|0,00|0,00|637,02||
|C195|54||
|C100|1|0|C83817858/0038-62|55|00|1|3932|23181223159702000118550010000039321602202282|03122018|03122018|1124,62|1|0,00|0,00|1071,07|0|0,00|0,00|0,00|1071,07|128,53|0,00|0,00|53,55|6,96|32,13|||
|C190|000|6101|12,00|1124,62|1071,07|128,53|0,00|0,00|0,00|53,55||
|C195|55||
|C100|1|0|C83817858/0037-81|55|00|1|3933|23181223159702000118550010000039331868481113|03122018|03122018|10318,45|1|0,00|0,00|9854,02|0|0,00|0,00|0,00|9854,02|1182,48|0,00|0,00|464,43|64,04|295,62|||
|C190|000|6101|12,00|10318,45|9854,02|1182,48|0,00|0,00|0,00|464,43||
|C195|56||
|C100|1|0|C83817858/0038-62|55|00|1|3934|23181223159702000118550010000039341627359694|03122018|03122018|6898,42|1|0,00|0,00|6569,92|0|0,00|0,00|0,00|6569,92|788,39|0,00|0,00|328,50|42,71|197,10|||
|C190|000|6101|12,00|6898,42|6569,92|788,39|0,00|0,00|0,00|328,50||
|C195|57||
|C100|1|0|C10230480/0006-45|55|00|1|3935|23181223159702000118550010000039351415294189|03122018|03122018|8986,28|1|0,00|0,00|8558,36|0|0,00|0,00|0,00|8558,36|1027,00|0,00|0,00|427,92|55,63|256,75|||
|C190|000|6101|12,00|8986,28|8558,36|1027,00|0,00|0,00|0,00|427,92||
|C195|58||
|C100|1|0|C10230480/0015-36|55|00|1|3936|23181223159702000118550010000039361435725050|03122018|03122018|16322,13|1|0,00|0,00|15566,92|0|0,00|0,00|0,00|15566,92|1868,03|0,00|0,00|755,21|101,20|467,01|||
|C190|000|6101|12,00|16322,13|15566,92|1868,03|0,00|0,00|0,00|755,21||
|C195|59||
|C100|1|0|C83817858/0038-62|55|00|1|3937|23181223159702000118550010000039371565856853|03122018|03122018|565,24|1|0,00|0,00|565,24|0|0,00|0,00|0,00|565,24|67,83|0,00|0,00|0,00|3,67|16,96|||
|C190|000|6101|12,00|565,24|565,24|67,83|0,00|0,00|0,00|0,00||
|C195|60||
|C100|1|0|C10230480/0018-89|55|00|1|3938|23181223159702000118550010000039381491399230|03122018|03122018|3530,63|1|0,00|0,00|3362,50|0|0,00|0,00|0,00|3362,50|403,50|0,00|0,00|168,13|21,87|100,88|||
|C190|000|6101|12,00|3530,63|3362,50|403,50|0,00|0,00|0,00|168,13||
|C195|61||
|C100|1|0|C10230480/0015-36|55|00|1|3939|23181223159702000118550010000039391179260017|03122018|03122018|14486,08|1|0,00|0,00|13819,39|0|0,00|0,00|0,00|13819,39|1658,33|0,00|0,00|666,69|89,84|414,58|||
|C190|000|6101|12,00|14486,08|13819,39|1658,33|0,00|0,00|0,00|666,69||
|C195|62||
|C100|1|0|C10230480/0006-45|55|00|1|3940|23181223159702000118550010000039401226532449|03122018|03122018|8164,48|1|0,00|0,00|7783,04|0|0,00|0,00|0,00|7783,04|933,96|0,00|0,00|381,44|50,56|233,50|||
|C190|000|6101|12,00|8164,48|7783,04|933,96|0,00|0,00|0,00|381,44||
|C195|63||
|C100|1|0|C10230480/0018-89|55|00|1|3941|23181223159702000118550010000039411590287584|03122018|03122018|5930,03|1|0,00|0,00|5662,35|0|0,00|0,00|0,00|5662,35|679,49|0,00|0,00|267,68|36,81|169,87|||
|C190|000|6101|12,00|5930,03|5662,35|679,49|0,00|0,00|0,00|267,68||
|C195|64||
|C100|1|0|C10230480/0018-89|55|00|1|3942|23181223159702000118550010000039421745357340|04122018|04122018|444,15|0|0,00|0,00|423,00|0|0,00|0,00|21,15|423,00|50,76|0,00|0,00|0,00|0,00|0,00|||
|C190|000|6949|12,00|444,15|423,00|50,76|0,00|0,00|0,00|0,00||
|C195|65||
|C100|1|0|C10230480/0018-89|55|00|1|3943|23181223159702000118550010000039431041065528|04122018|04122018|254,24|0|0,00|0,00|254,24|0|0,00|0,00|0,00|254,24|30,51|0,00|0,00|0,00|1,65|7,62|||
|C190|000|6949|12,00|254,24|254,24|30,51|0,00|0,00|0,00|0,00||
|C195|66||
|C100|1|0|C09267050/0004-57|55|00|1|3944|23181223159702000118550010000039441369246635|05122018|05122018|160,40|1|0,00|0,00|160,40|0|0,00|0,00|0,00|160,40|28,87|0,00|0,00|0,00|1,04|4,81|||
|C190|000|5101|18,00|160,40|160,40|28,87|0,00|0,00|0,00|0,00||
|C195|67||
|C100|1|0|C10230480/0015-36|55|00|1|3945|23181223159702000118550010000039451735609071|05122018|05122018|15115,36|1|0,00|0,00|15115,36|0|0,00|0,00|0,00|15115,36|1813,83|0,00|0,00|0,00|98,25|453,49|||
|C190|000|6101|12,00|15115,36|15115,36|1813,83|0,00|0,00|0,00|0,00||
|C195|68||
|C100|1|0|C10230480/0011-02|55|00|1|3946|23181223159702000118550010000039461822667069|05122018|05122018|33668,20|1|0,00|0,00|33668,20|0|0,00|0,00|0,00|33668,20|4040,16|0,00|0,00|0,00|218,86|1010,05|||
|C190|000|6101|12,00|33668,20|33668,20|4040,16|0,00|0,00|0,00|0,00||
|C195|69||
|C100|1|0|C10230480/0011-02|55|00|1|3947|23181223159702000118550010000039471600433280|05122018|05122018|18221,73|1|0,00|0,00|17366,58|0|0,00|0,00|0,00|17366,58|2083,99|0,00|0,00|855,15|112,91|521,00|||
|C190|000|6101|12,00|18221,73|17366,58|2083,99|0,00|0,00|0,00|855,15||
|C195|70||
|C100|1|0|C10230480/0011-02|55|00|1|3948|23181223159702000118550010000039481935533674|05122018|05122018|3531,62|0|0,00|0,00|3377,13|0|0,00|0,00|154,49|3377,13|405,25|0,00|0,00|0,00|19,37|89,37|||
|C190|000|6949|12,00|3531,62|3377,13|405,25|0,00|0,00|0,00|0,00||
|C195|71||
|C100|1|0|C10230480/0011-02|55|00|1|3949|23181223159702000118550010000039491766285544|05122018|05122018|14516,25|0|0,00|0,00|13825,00|0|0,00|0,00|691,25|13825,00|1659,00|0,00|0,00|0,00|89,86|414,75|||
|C190|000|6949|12,00|14516,25|13825,00|1659,00|0,00|0,00|0,00|0,00||
|C195|72||
|C100|1|0|C10230480/0011-02|55|00|1|3950|23181223159702000118550010000039501421050110|05122018|05122018|2619,75|0|0,00|0,00|2495,00|0|0,00|0,00|124,75|2495,00|299,40|0,00|0,00|0,00|16,22|74,85|||
|C190|000|6949|12,00|2619,75|2495,00|299,40|0,00|0,00|0,00|0,00||
|C195|73||
|C100|1|0|C10230480/0011-02|55|00|1|3951|23181223159702000118550010000039511298609255|05122018|05122018|902,75|0|0,00|0,00|902,75|0|0,00|0,00|0,00|902,75|108,32|0,00|0,00|0,00|2,18|10,07|||
|C190|000|6949|12,00|902,75|902,75|108,32|0,00|0,00|0,00|0,00||
|C195|74||
|C100|1|0|C10230480/0011-02|55|00|1|3952|23181223159702000118550010000039521207056395|05122018|05122018|384,44|0|0,00|0,00|370,33|0|0,00|0,00|14,11|370,33|44,44|0,00|0,00|0,00|2,40|11,12|||
|C190|000|6949|12,00|384,44|370,33|44,44|0,00|0,00|0,00|0,00||
|C195|75||
|C100|1|0|C10230480/0011-02|55|00|1|3953|23181223159702000118550010000039531280301440|05122018|05122018|13225,32|1|0,00|0,00|12620,82|0|0,00|0,00|0,00|12620,82|1514,50|0,00|0,00|604,50|82,04|378,63|||
|C190|000|6101|12,00|13225,32|12620,82|1514,50|0,00|0,00|0,00|604,50||
|C195|76||
|C100|1|0|C10230480002346|55|00|1|3954|23181223159702000118550010000039541389830487|05122018|05122018|23443,34|1|0,00|0,00|22349,02|0|0,00|0,00|0,00|22349,02|2681,89|0,00|0,00|1094,32|145,27|670,47|||
|C190|000|6101|12,00|23443,34|22349,02|2681,89|0,00|0,00|0,00|1094,32||
|C195|77||
|C100|1|0|C10230480002346|55|00|1|3955|23181223159702000118550010000039551578153331|05122018|05122018|6467,15|1|0,00|0,00|6467,15|0|0,00|0,00|0,00|6467,15|776,05|0,00|0,00|0,00|42,04|194,02|||
|C190|000|6101|12,00|6467,15|6467,15|776,05|0,00|0,00|0,00|0,00||
|C195|78||
|C100|1|0|C10230480002346|55|00|1|3956|23181223159702000118550010000039561165057037|05122018|05122018|14952,17|1|0,00|0,00|14272,33|0|0,00|0,00|0,00|14272,33|1712,69|0,00|0,00|679,84|92,77|428,16|||
|C190|000|6101|12,00|14952,17|14272,33|1712,69|0,00|0,00|0,00|679,84||
|C195|79||
|C100|1|0|C10230480002346|55|00|1|3957|23181223159702000118550010000039571713727064|05122018|05122018|231,48|0|0,00|0,00|231,48|0|0,00|0,00|0,00|231,48|27,78|0,00|0,00|0,00|1,50|6,94|||
|C190|000|6949|12,00|231,48|231,48|27,78|0,00|0,00|0,00|0,00||
|C195|80||
|C100|1|0|C10230480002346|55|00|1|3958|23181223159702000118550010000039581833946712|05122018|05122018|479,14|0|0,00|0,00|479,14|0|0,00|0,00|0,00|479,14|57,50|0,00|0,00|0,00|0,38|1,76|||
|C190|000|6949|12,00|479,14|479,14|57,50|0,00|0,00|0,00|0,00||
|C195|81||
|C100|1|0|C10230480002346|55|00|1|3959|23181223159702000118550010000039591145125160|05122018|05122018|44,48|0|0,00|0,00|44,48|0|0,00|0,00|0,00|44,48|5,34|0,00|0,00|0,00|0,00|0,00|||
|C190|000|6949|12,00|44,48|44,48|5,34|0,00|0,00|0,00|0,00||
|C195|82||
|C100|1|0|C10230480002346|55|00|1|3960|23181223159702000118550010000039601455055110|05122018|05122018|1708,12|0|0,00|0,00|1708,12|0|0,00|0,00|0,00|1708,12|204,99|0,00|0,00|0,00|5,71|26,37|||
|C190|000|6949|12,00|1708,12|1708,12|204,99|0,00|0,00|0,00|0,00||
|C195|83||
|C100|1|0|C35519545000193|55|00|1|3961|23181223159702000118550010000039611640638833|05122018|05122018|9003,94|1|0,00|0,00|8889,60|0|0,00|0,00|0,00|8889,60|1066,73|0,00|0,00|114,34|57,78|266,67|||
|C190|000|6101|12,00|9003,94|8889,60|1066,73|0,00|0,00|0,00|114,34||
|C195|84||
|C100|1|0|C27096978000155|55|00|1|3962|23181223159702000118550010000039621917328150|05122018|05122018|57,00|0|0,00|0,00|57,00|0|0,00|0,00|0,00|42,00|7,56|0,00|0,00|0,00|0,38|1,71|||
|C190|000|5949|18,00|42,00|42,00|7,56|0,00|0,00|0,00|0,00||
|C190|090|5949|0,00|15,00|0,00|0,00|0,00|0,00|0,00|0,00||
|C195|85||
|C100|1|0|C07201916/0010-40|55|00|1|3963|23181223159702000118550010000039631636159343|05122018|05122018|27478,41|1|0,00|0,00|26859,45|0|0,00|0,00|0,00|26859,45|4834,71|0,00|0,00|618,96|174,58|805,78|||
|C190|000|5101|18,00|27478,41|26859,45|4834,71|0,00|0,00|0,00|618,96||
|C195|86||
|C100|1|0|C07201916/0010-40|55|00|1|3964|23181223159702000118550010000039641962764855|05122018|05122018|1049,48|0|0,00|0,00|999,50|0|0,00|0,00|0,00|999,50|179,91|0,00|0,00|49,98|6,50|29,99|||
|C190|000|5910|18,00|1049,48|999,50|179,91|0,00|0,00|0,00|49,98||
|C195|87||
|C100|1|0|C83817858/0040-87|55|00|1|3965|23181223159702000118550010000039651700301995|05122018|05122018|1704,36|1|0,00|0,00|1704,36|0|0,00|0,00|0,00|1704,36|306,78|0,00|0,00|0,00|11,07|51,14|||
|C190|000|5101|18,00|1704,36|1704,36|306,78|0,00|0,00|0,00|0,00||
|C195|88||
|C100|1|0|C83817858/0040-87|55|00|1|3966|23181223159702000118550010000039661863626769|05122018|05122018|937,38|1|0,00|0,00|919,66|0|0,00|0,00|0,00|919,66|165,54|0,00|0,00|17,72|5,97|27,59|||
|C190|000|5101|18,00|937,38|919,66|165,54|0,00|0,00|0,00|17,72||
|C195|89||
|C100|1|0|C83817858/0041-68|55|00|1|3967|23181223159702000118550010000039671961948814|05122018|05122018|3066,67|1|0,00|0,00|3002,83|0|0,00|0,00|0,00|3002,83|540,51|0,00|0,00|63,84|19,52|90,08|||
|C190|000|5101|18,00|3066,67|3002,83|540,51|0,00|0,00|0,00|63,84||
|C195|90||
|C100|1|0|C83817858/0041-68|55|00|1|3968|23181223159702000118550010000039681941658931|05122018|05122018|717,33|1|0,00|0,00|691,00|0|0,00|0,00|0,00|691,00|124,38|0,00|0,00|26,33|4,49|20,73|||
|C190|000|5101|18,00|717,33|691,00|124,38|0,00|0,00|0,00|26,33||
|C195|91||
|C100|1|0|C83817858/0041-68|55|00|1|3969|23181223159702000118550010000039691636900330|05122018|05122018|1957,88|1|0,00|0,00|1918,48|0|0,00|0,00|0,00|1918,48|345,32|0,00|0,00|39,40|12,46|57,56|||
|C190|000|5101|18,00|1957,88|1918,48|345,32|0,00|0,00|0,00|39,40||
|C195|92||
|C100|1|0|C83817858/0041-68|55|00|1|3970|23181223159702000118550010000039701824372789|05122018|05122018|288,09|1|0,00|0,00|274,37|0|0,00|0,00|0,00|274,37|49,39|0,00|0,00|13,72|1,78|8,23|||
|C190|000|5101|18,00|288,09|274,37|49,39|0,00|0,00|0,00|13,72||
|C195|93||
|C100|1|0|C11081619/0002-75|55|00|1|3971|23181223159702000118550010000039711859812405|05122018|05122018|3517,22|1|0,00|0,00|3435,86|0|0,00|0,00|0,00|3435,86|618,46|0,00|0,00|81,36|22,35|103,07|||
|C190|000|5101|18,00|3517,22|3435,86|618,46|0,00|0,00|0,00|81,36||
|C195|94||
|C100|1|0|C10633462000108|55|00|1|3972|23181223159702000118550010000039721826274720|05122018|05122018|2233,98|1|0,00|0,00|2233,98|0|0,00|0,00|0,00|2233,98|402,10|0,00|0,00|0,00|14,51|67,03|||
|C190|000|5101|18,00|2233,98|2233,98|402,10|0,00|0,00|0,00|0,00||
|C195|95||
|C100|1|0|C04027640000146|55|00|1|3973|23181223159702000118550010000039731380321615|05122018|05122018|6797,37|1|0,00|0,00|6619,16|0|0,00|0,00|0,00|6619,16|1191,43|0,00|0,00|178,21|42,99|198,59|||
|C190|000|5101|18,00|6797,37|6619,16|1191,43|0,00|0,00|0,00|178,21||
|C195|96||
|C100|1|0|C09309085000169|55|00|1|3974|23181223159702000118550010000039741422102700|05122018|05122018|3340,28|1|0,00|0,00|3181,20|0|0,00|0,00|0,00|3181,20|572,60|0,00|0,00|159,08|20,70|95,42|||
|C190|000|5101|18,00|3340,28|3181,20|572,60|0,00|0,00|0,00|159,08||
|C195|97||
|C100|1|0|C11506747/0001-32|55|00|1|3975|23181223159702000118550010000039751471874530|05122018|05122018|3781,46|1|0,00|0,00|3601,38|0|0,00|0,00|0,00|3601,38|648,26|0,00|0,00|180,08|23,41|108,04|||
|C190|000|5101|18,00|3781,46|3601,38|648,26|0,00|0,00|0,00|180,08||
|C195|98||
|C100|1|0|C04872931/0001-30|55|00|1|3976|23181223159702000118550010000039761230031478|06122018|06122018|4802,00|0|0,00|0,00|4802,00|0|0,00|0,00|0,00|0,00|0,00|0,00|0,00|0,00|0,00|0,00|||
|C110|7||
|C113|0|1|F04872931/0001-30|55|0||19684|12112018|23181104872931000130550000000196841299905323|
|C190|040|5921|0,00|4602,00|0,00|0,00|0,00|0,00|0,00|0,00||
|C190|050|5921|0,00|200,00|0,00|0,00|0,00|0,00|0,00|0,00||
|C195|99||
|C100|1|0|C04872931/0001-30|55|00|1|3977|23181223159702000118550010000039771860705882|06122018|06122018|3776,00|0|0,00|0,00|3776,00|0|0,00|0,00|0,00|0,00|0,00|0,00|0,00|0,00|0,00|0,00|||
|C110|8||
|C113|0|1|F04872931/0001-30|55|0||19694|13112018|23181104872931000130550000000196941245441180|
|C190|040|5921|0,00|3776,00|0,00|0,00|0,00|0,00|0,00|0,00||
|C195|100||
|C100|1|0|C27096978000155|55|00|1|3979|23181223159702000118550010000039791842417662|07122018|07122018|45,83|0|0,00|0,00|45,83|0|0,00|0,00|0,00|0,00|0,00|0,00|0,00|0,00|0,30|1,37|||
|C190|090|5949|0,00|45,83|0,00|0,00|0,00|0,00|0,00|0,00||
|C195|101||
|C100|1|0|C83817858006020|55|00|1|3982|23181223159702000118550010000039821936354546|10122018|10122018|1624,27|1|0,00|0,00|1574,25|0|0,00|0,00|0,00|1574,25|188,91|0,00|0,00|50,02|10,23|47,23|||
|C190|000|6101|12,00|1624,27|1574,25|188,91|0,00|0,00|0,00|50,02||
|C195|102||
|C100|1|0|C83817858006020|55|00|1|3983|23181223159702000118550010000039831021849219|10122018|10122018|565,24|1|0,00|0,00|565,24|0|0,00|0,00|0,00|565,24|67,83|0,00|0,00|0,00|3,67|16,96|||
|C190|000|6101|12,00|565,24|565,24|67,83|0,00|0,00|0,00|0,00||
|C195|103||
|C100|1|0|C83817858006020|55|00|1|3984|23181223159702000118550010000039841681490908|10122018|10122018|1141,42|1|0,00|0,00|1113,98|0|0,00|0,00|0,00|1113,98|133,68|0,00|0,00|27,44|7,24|33,42|||
|C190|000|6101|12,00|1141,42|1113,98|133,68|0,00|0,00|0,00|27,44||
|C195|104||
|C100|1|0|C83817858006020|55|00|1|3985|23181223159702000118550010000039851816207505|10122018|10122018|2149,67|1|0,00|0,00|2074,22|0|0,00|0,00|0,00|2074,22|248,91|0,00|0,00|75,45|13,47|62,23|||
|C190|000|6101|12,00|2149,67|2074,22|248,91|0,00|0,00|0,00|75,45||
|C195|105||
|C100|1|0|C83817858006101|55|00|1|3986|23181223159702000118550010000039861018959833|10122018|10122018|3597,64|1|0,00|0,00|3545,96|0|0,00|0,00|0,00|3545,96|425,50|0,00|0,00|51,68|23,04|106,38|||
|C190|000|6101|12,00|3597,64|3545,96|425,50|0,00|0,00|0,00|51,68||
|C195|106||
|C100|1|0|C83817858006101|55|00|1|3987|23181223159702000118550010000039871079204015|10122018|10122018|565,24|1|0,00|0,00|565,24|0|0,00|0,00|0,00|565,24|67,83|0,00|0,00|0,00|3,67|16,96|||
|C190|000|6101|12,00|565,24|565,24|67,83|0,00|0,00|0,00|0,00||
|C195|107||
|C100|1|0|C83817858006101|55|00|1|3988|23181223159702000118550010000039881166568640|10122018|10122018|214,12|1|0,00|0,00|214,12|0|0,00|0,00|0,00|214,12|25,69|0,00|0,00|0,00|1,39|6,42|||
|C190|000|6101|12,00|214,12|214,12|25,69|0,00|0,00|0,00|0,00||
|C195|108||
|C100|1|0|C83817858006101|55|00|1|3989|23181223159702000118550010000039891334097660|10122018|10122018|2209,11|1|0,00|0,00|2147,01|0|0,00|0,00|0,00|2147,01|257,63|0,00|0,00|62,10|13,95|64,40|||
|C190|000|6101|12,00|2209,11|2147,01|257,63|0,00|0,00|0,00|62,10||
|C195|109||
|C100|1|0|C83817858006101|55|00|1|3990|23181223159702000118550010000039901883846123|10122018|10122018|3009,61|1|0,00|0,00|2947,45|0|0,00|0,00|0,00|2947,45|353,70|0,00|0,00|62,16|19,15|88,43|||
|C190|000|6101|12,00|3009,61|2947,45|353,70|0,00|0,00|0,00|62,16||
|C195|110||
|C100|1|0|C83817858006101|55|00|1|3991|23181223159702000118550010000039911815403081|10122018|10122018|3567,70|1|0,00|0,00|3525,86|0|0,00|0,00|0,00|3525,86|423,11|0,00|0,00|41,84|22,90|105,79|||
|C190|000|6101|12,00|3567,70|3525,86|423,11|0,00|0,00|0,00|41,84||
|C195|111||
|C100|1|0|C83817858006101|55|00|1|3992|23181223159702000118550010000039921282315357|10122018|10122018|2714,67|1|0,00|0,00|2703,26|0|0,00|0,00|0,00|2703,26|324,39|0,00|0,00|11,41|17,55|81,11|||
|C190|000|6101|12,00|2714,67|2703,26|324,39|0,00|0,00|0,00|11,41||
|C195|112||
|C100|1|0|C30784664/0001-50|55|00|1|3993|23181223159702000118550010000039931836206646|10122018|10122018|8935,68|1|0,00|0,00|8935,68|0|0,00|0,00|0,00|8935,68|1072,29|0,00|0,00|0,00|58,08|268,08|||
|C190|000|6101|12,00|8935,68|8935,68|1072,29|0,00|0,00|0,00|0,00||
|C195|113||
|C100|1|0|C27243125468|55|00|1|3994|23181223159702000118550010000039941679233738|10122018|10122018|2512,68|0|0,00|0,00|2455,85|0|0,00|0,00|0,00|2512,68|452,27|0,00|0,00|56,83|9,25|42,73|||
|C190|000|5949|18,00|2512,68|2512,68|452,27|0,00|0,00|0,00|56,83||
|C195|114||
|C100|1|0|C05582657000128|55|00|1|3995|23181223159702000118550010000039951879069130|10122018|10122018|1329,82|1|0,00|0,00|1266,49|0|0,00|0,00|0,00|1266,49|151,98|0,00|0,00|63,33|8,22|38,00|||
|C190|000|6101|12,00|1329,82|1266,49|151,98|0,00|0,00|0,00|63,33||
|C195|115||
|C100|1|0|C05582657000128|55|00|1|3996|23181223159702000118550010000039961314890008|10122018|10122018|881,90|1|0,00|0,00|839,90|0|0,00|0,00|0,00|839,90|100,79|0,00|0,00|42,00|5,47|25,20|||
|C190|000|6101|12,00|881,90|839,90|100,79|0,00|0,00|0,00|42,00||
|C195|116||
|C100|1|0|C05582657000128|55|00|1|3997|23181223159702000118550010000039971221869685|10122018|10122018|83,99|0|0,00|0,00|83,99|0|0,00|0,00|0,00|0,00|0,00|0,00|0,00|0,00|0,55|2,52|||
|C190|000|6912|0,00|83,99|0,00|0,00|0,00|0,00|0,00|0,00||
|C195|117||
|C100|1|0|C27096978000155|55|00|1|3998|23181223159702000118550010000039981922571612|10122018|10122018|49,80|0|0,00|0,00|49,80|0|0,00|0,00|0,00|0,00|0,00|0,00|0,00|0,00|0,33|1,50|||
|C190|090|5949|0,00|49,80|0,00|0,00|0,00|0,00|0,00|0,00||
|C195|118||
|C100|1|0|C14315842000147|55|00|1|3999|23181223159702000118550010000039991809694400|11122018|11122018|3477,92|1|0,00|0,00|3477,92|0|0,00|0,00|0,00|3477,92|417,36|0,00|0,00|0,00|22,60|104,32|||
|C190|000|6101|12,00|3477,92|3477,92|417,36|0,00|0,00|0,00|0,00||
|C195|119||
|C100|1|0|C24798198000169|55|00|1|4000|23181223159702000118550010000040001570056393|11122018|11122018|3187,18|1|0,00|0,00|3035,40|0|0,00|0,00|0,00|3035,40|364,24|0,00|0,00|151,78|19,74|91,06|||
|C190|000|6101|12,00|3187,18|3035,40|364,24|0,00|0,00|0,00|151,78||
|C195|120||
|C100|1|0|C24798198000169|55|00|1|4001|23181223159702000118550010000040011619800284|11122018|11122018|318,72|0|0,00|0,00|303,54|0|0,00|0,00|0,00|0,00|0,00|0,00|0,00|15,18|0,00|0,00|||
|C190|090|6912|0,00|318,72|0,00|0,00|0,00|0,00|0,00|15,18||
|C195|121||
|C100|1|0|C05300197000106|55|00|1|4002|23181223159702000118550010000040021420668690|11122018|11122018|19813,40|1|0,00|0,00|18869,90|0|0,00|0,00|0,00|18869,90|2264,38|0,00|0,00|943,50|122,64|566,10|||
|C190|000|6101|12,00|19813,40|18869,90|2264,38|0,00|0,00|0,00|943,50||
|C195|122||
|C100|1|0|C30845486000120|55|00|1|4003|23181223159702000118550010000040031262110178|11122018|11122018|1554,20|1|0,00|0,00|1484,00|0|0,00|0,00|0,00|1484,00|178,08|0,00|0,00|70,20|9,67|44,52|||
|C190|000|6101|12,00|1554,20|1484,00|178,08|0,00|0,00|0,00|70,20||
|C195|123||
|C100|1|0|C01438784/0055-90|55|00|1|4004|23181223159702000118550010000040041828014755|11122018|11122018|2174,77|1|0,00|0,00|2174,77|0|0,00|0,00|0,00|2174,77|260,97|0,00|0,00|0,00|14,13|65,25|||
|C190|000|6101|12,00|2174,77|2174,77|260,97|0,00|0,00|0,00|0,00||
|C195|124||
|C100|1|0|C01438784/0055-90|55|00|1|4005|23181223159702000118550010000040051614138590|11122018|11122018|5470,47|1|0,00|0,00|5470,47|0|0,00|0,00|0,00|5470,47|656,42|0,00|0,00|0,00|35,56|164,15|||
|C190|000|6101|12,00|5470,47|5470,47|656,42|0,00|0,00|0,00|0,00||
|C195|125||
|C100|1|0|C01438784/0055-90|55|00|1|4006|23181223159702000118550010000040061336539689|11122018|11122018|1338,30|1|0,00|0,00|1338,30|0|0,00|0,00|0,00|1338,30|160,59|0,00|0,00|0,00|8,70|40,15|||
|C190|000|6101|12,00|1338,30|1338,30|160,59|0,00|0,00|0,00|0,00||
|C195|126||
|C100|1|0|C03656804/0007-27|55|00|1|4007|23181223159702000118550010000040071731246351|11122018|11122018|18882,80|1|0,00|0,00|18882,80|0|0,00|0,00|0,00|18882,80|2265,94|0,00|0,00|0,00|122,74|566,48|||
|C190|000|6101|12,00|18882,80|18882,80|2265,94|0,00|0,00|0,00|0,00||
|C195|127||
|C100|1|0|C03656804/0007-27|55|00|1|4008|23181223159702000118550010000040081920861727|11122018|11122018|69272,65|1|0,00|0,00|66169,54|0|0,00|0,00|0,00|66169,54|7940,34|0,00|0,00|3103,11|430,11|1985,07|||
|C190|000|6101|12,00|69272,65|66169,54|7940,34|0,00|0,00|0,00|3103,11||
|C195|128||
|C100|1|0|C03656804/0007-27|55|00|1|4009|23181223159702000118550010000040091139848702|11122018|11122018|9360,00|0|0,00|0,00|9360,00|0|0,00|0,00|0,00|9360,00|1123,20|0,00|0,00|0,00|0,00|0,00|||
|C190|000|6910|12,00|9360,00|9360,00|1123,20|0,00|0,00|0,00|0,00||
|C195|129||
|C100|1|0|C03656804/0007-27|55|00|1|4010|23181223159702000118550010000040101830546294|11122018|11122018|2995,40|0|0,00|0,00|2852,75|0|0,00|0,00|0,00|2852,75|342,33|0,00|0,00|142,65|0,00|0,00|||
|C190|000|6910|12,00|2995,40|2852,75|342,33|0,00|0,00|0,00|142,65||
|C195|130||
|C100|1|0|C01438784/0055-90|55|00|1|4011|23181223159702000118550010000040111000052920|11122018|11122018|2911,65|0|0,00|0,00|2908,80|0|0,00|0,00|0,00|0,00|0,00|0,00|0,00|2,85|0,00|0,00|||
|C190|090|6912|0,00|2911,65|0,00|0,00|0,00|0,00|0,00|2,85||
|C195|131||
|C100|1|0|C41468687000171|55|00|1|4012|23181223159702000118550010000040121513836408|11122018|11122018|5132,70|1|0,00|0,00|4906,52|0|0,00|0,00|0,00|4906,52|883,16|0,00|0,00|226,18|31,88|147,18|||
|C190|000|5101|18,00|5132,70|4906,52|883,16|0,00|0,00|0,00|226,18||
|C195|132||
|C100|1|0|C03869436000100|55|00|1|4013|23181223159702000118550010000040131091289434|11122018|11122018|3784,32|1|0,00|0,00|3604,14|0|0,00|0,00|0,00|3604,14|648,74|0,00|0,00|180,18|23,41|108,13|||
|C190|000|5101|18,00|3784,32|3604,14|648,74|0,00|0,00|0,00|180,18||
|C195|133||
|C100|1|0|C03869436000100|55|00|1|4014|23181223159702000118550010000040141800810537|11122018|11122018|209,97|0|0,00|0,00|199,97|0|0,00|0,00|0,00|199,97|35,99|0,00|0,00|10,00|1,30|6,00|||
|C190|000|5910|18,00|209,97|199,97|35,99|0,00|0,00|0,00|10,00||
|C195|134||
|C100|1|0|C03869436000100|55|00|1|4015|23181223159702000118550010000040151066983947|11122018|11122018|715,65|0|0,00|0,00|681,58|0|0,00|0,00|0,00|0,00|0,00|0,00|0,00|34,07|0,00|0,00|||
|C190|090|5912|0,00|715,65|0,00|0,00|0,00|0,00|0,00|34,07||
|C195|135||
|C100|1|0|C41468687000171|55|00|1|4016|23181223159702000118550010000040161642334335|11122018|11122018|328,62|0|0,00|0,00|312,98|0|0,00|0,00|0,00|312,98|56,34|0,00|0,00|15,64|2,04|9,38|||
|C190|000|5910|18,00|328,62|312,98|56,34|0,00|0,00|0,00|15,64||
|C195|136||
|C100|1|0|C10230480/0011-02|55|00|1|4017|23181223159702000118550010000040171980825971|12122018|12122018|20475,00|1|0,00|0,00|19500,00|0|0,00|0,00|0,00|19500,00|2340,00|0,00|0,00|975,00|126,75|585,00|||
|C190|000|6101|12,00|20475,00|19500,00|2340,00|0,00|0,00|0,00|975,00||
|C195|137||
|C100|1|0|C83817858007000|55|00|1|4018|23181223159702000118550010000040181968630578|12122018|12122018|11110,91|1|0,00|0,00|11012,56|0|0,00|0,00|0,00|11012,56|1321,51|0,00|0,00|98,35|71,55|330,40|||
|C190|000|6101|12,00|11110,91|11012,56|1321,51|0,00|0,00|0,00|98,35||
|C195|138||
|C100|1|0|C83817858007000|55|00|1|4019|23181223159702000118550010000040191291100266|12122018|12122018|1695,72|1|0,00|0,00|1695,72|0|0,00|0,00|0,00|1695,72|203,49|0,00|0,00|0,00|11,01|50,88|||
|C190|000|6101|12,00|1695,72|1695,72|203,49|0,00|0,00|0,00|0,00||
|C195|139||
|C100|1|0|C83817858007000|55|00|1|4020|23181223159702000118550010000040201437861917|12122018|12122018|14762,90|1|0,00|0,00|14684,99|0|0,00|0,00|0,00|14684,99|1762,19|0,00|0,00|77,91|95,44|440,55|||
|C190|000|6101|12,00|14762,90|14684,99|1762,19|0,00|0,00|0,00|77,91||
|C195|140||
|C100|1|0|C83817858006888|55|00|1|4021|23181223159702000118550010000040211610952262|12122018|12122018|3858,26|1|0,00|0,00|3807,01|0|0,00|0,00|0,00|3807,01|456,83|0,00|0,00|51,25|24,73|114,21|||
|C190|000|6101|12,00|3858,26|3807,01|456,83|0,00|0,00|0,00|51,25||
|C195|141||
|C100|1|0|C83817858006888|55|00|1|4022|23181223159702000118550010000040221392241715|12122018|12122018|5622,66|1|0,00|0,00|5584,53|0|0,00|0,00|0,00|5584,53|670,15|0,00|0,00|38,13|36,26|167,55|||
|C190|000|6101|12,00|5622,66|5584,53|670,15|0,00|0,00|0,00|38,13||
|C195|142||
|C100|1|0|C10230480002346|55|00|1|4023|23181223159702000118550010000040231657685338|12122018|12122018|20475,00|1|0,00|0,00|19500,00|0|0,00|0,00|0,00|19500,00|2340,00|0,00|0,00|975,00|126,77|585,00|||
|C190|000|6101|12,00|20475,00|19500,00|2340,00|0,00|0,00|0,00|975,00||
|C195|143||
|C100|1|0|C83817858006705|55|00|1|4024|23181223159702000118550010000040241775218362|12122018|12122018|2759,35|1|0,00|0,00|2682,20|0|0,00|0,00|0,00|2682,20|321,87|0,00|0,00|77,15|17,42|80,47|||
|C190|000|6101|12,00|2759,35|2682,20|321,87|0,00|0,00|0,00|77,15||
|C195|144||
|C100|1|0|C83817858006705|55|00|1|4025|23181223159702000118550010000040251256229719|12122018|12122018|1130,48|1|0,00|0,00|1130,48|0|0,00|0,00|0,00|1130,48|135,66|0,00|0,00|0,00|7,34|33,92|||
|C190|000|6101|12,00|1130,48|1130,48|135,66|0,00|0,00|0,00|0,00||
|C195|145||
|C100|1|0|C83817858006969|55|00|1|4026|23181223159702000118550010000040261567854647|12122018|12122018|733,93|1|0,00|0,00|725,90|0|0,00|0,00|0,00|725,90|87,11|0,00|0,00|8,03|4,71|21,78|||
|C190|000|6101|12,00|733,93|725,90|87,11|0,00|0,00|0,00|8,03||
|C195|146||
|C100|1|0|C83817858006969|55|00|1|4027|23181223159702000118550010000040271716204077|12122018|12122018|1530,22|1|0,00|0,00|1522,04|0|0,00|0,00|0,00|1522,04|182,65|0,00|0,00|8,18|9,88|45,67|||
|C190|000|6101|12,00|1530,22|1522,04|182,65|0,00|0,00|0,00|8,18||
|C195|147||
|C100|1|0|C83817858006969|55|00|1|4028|23181223159702000118550010000040281865738399|12122018|12122018|2414,68|1|0,00|0,00|2353,53|0|0,00|0,00|0,00|2353,53|282,42|0,00|0,00|61,15|15,28|70,61|||
|C190|000|6101|12,00|2414,68|2353,53|282,42|0,00|0,00|0,00|61,15||
|C195|148||
|C100|1|0|C14073092/0011-16|55|00|1|4029|23181223159702000118550010000040291774277060|12122018|12122018|7500,00|1|0,00|0,00|7500,00|0|0,00|0,00|0,00|7500,00|900,00|0,00|0,00|0,00|48,75|225,00|||
|C190|000|6101|12,00|7500,00|7500,00|900,00|0,00|0,00|0,00|0,00||
|C195|149||
|C100|1|0|C40560997000159|55|00|1|4030|23181223159702000118550010000040301656239290|12122018|12122018|10041,27|1|0,00|0,00|9570,60|0|0,00|0,00|0,00|9570,60|1148,47|0,00|0,00|470,67|62,20|287,12|||
|C190|000|6101|12,00|10041,27|9570,60|1148,47|0,00|0,00|0,00|470,67||
|C195|150||
|C100|1|0|C40560997000159|55|00|1|4031|23181223159702000118550010000040311700556559|12122018|12122018|115,50|0|0,00|0,00|110,00|0|0,00|0,00|0,00|0,00|0,00|0,00|0,00|5,50|0,00|0,00|||
|C190|090|6912|0,00|115,50|0,00|0,00|0,00|0,00|0,00|5,50||
|C195|151||
|C100|1|0|C01438784/0055-90|55|00|1|4032|23181223159702000118550010000040321059017896|12122018|12122018|6027,00|1|0,00|0,00|6027,00|0|0,00|0,00|0,00|6027,00|723,20|0,00|0,00|0,00|39,18|180,85|||
|C190|000|6101|12,00|6027,00|6027,00|723,20|0,00|0,00|0,00|0,00||
|C195|152||
|C100|1|0|C10262755000118|55|00|1|4033|23181223159702000118550010000040331302597560|12122018|12122018|2644,90|1|0,00|0,00|2534,90|0|0,00|0,00|0,00|2534,90|304,22|0,00|0,00|110,00|16,50|76,01|||
|C190|000|6101|12,00|2644,90|2534,90|304,22|0,00|0,00|0,00|110,00||
|C195|153||
|C100|1|0|C83817858007000|55|00|1|4034|23181223159702000118550010000040341949541160|13122018|13122018|2247,23|1|0,00|0,00|2231,16|0|0,00|0,00|0,00|2231,16|267,74|0,00|0,00|16,07|14,49|66,94|||
|C190|000|6101|12,00|2247,23|2231,16|267,74|0,00|0,00|0,00|16,07||
|C195|154||
|C100|1|0||55|02|1|4035|23181223159702000118550010000040351272527105|||||||||||||||||||||
|C100|1|0|C10262755000118|55|00|1|4036|23181223159702000118550010000040361593910121|13122018|13122018|592,64|0|0,00|0,00|567,60|0|0,00|0,00|0,00|0,00|0,00|0,00|0,00|25,04|3,69|17,04|||
|C190|090|6912|0,00|592,64|0,00|0,00|0,00|0,00|0,00|25,04||
|C195|155||
|C100|1|0|C17395817000109|55|00|1|4037|23181223159702000118550010000040371971208208|13122018|13122018|1848,00|1|0,00|0,00|1848,00|0|0,00|0,00|0,00|1848,00|221,76|0,00|0,00|0,00|12,01|55,44|||
|C190|000|6101|12,00|1848,00|1848,00|221,76|0,00|0,00|0,00|0,00||
|C195|156||
|C100|1|0|C34280743000184|55|00|1|4038|23181223159702000118550010000040381781948526|13122018|13122018|2495,70|1|0,00|0,00|2495,70|0|0,00|0,00|0,00|2495,70|299,48|0,00|0,00|0,00|16,23|74,87|||
|C190|000|6101|12,00|2495,70|2495,70|299,48|0,00|0,00|0,00|0,00||
|C195|157||
|C100|1|0|C24694236000133|55|00|1|4039|23181223159702000118550010000040391826216631|13122018|13122018|6292,90|1|0,00|0,00|6013,60|0|0,00|0,00|0,00|6013,60|721,64|0,00|0,00|279,30|39,08|180,40|||
|C190|000|6101|12,00|6292,90|6013,60|721,64|0,00|0,00|0,00|279,30||
|C195|158||
|C100|1|0|C40528218000138|55|00|1|4040|23181223159702000118550010000040401045518598|13122018|13122018|2283,75|1|0,00|0,00|2175,00|0|0,00|0,00|0,00|2175,00|261,00|0,00|0,00|108,75|14,17|65,25|||
|C190|000|6101|12,00|2283,75|2175,00|261,00|0,00|0,00|0,00|108,75||
|C195|159||
|C100|1|0|C40528218000138|55|00|1|4041|23181223159702000118550010000040411057065981|13122018|13122018|57,75|0|0,00|0,00|55,00|0|0,00|0,00|0,00|0,00|0,00|0,00|0,00|2,75|0,36|1,65|||
|C190|090|6912|0,00|57,75|0,00|0,00|0,00|0,00|0,00|2,75||
|C195|160||
|C100|1|0|C05827342000101|55|00|1|4042|23181223159702000118550010000040421549351241|13122018|13122018|1681,81|1|0,00|0,00|1601,73|0|0,00|0,00|0,00|1601,73|192,21|0,00|0,00|80,08|10,41|48,06|||
|C190|000|6101|12,00|1681,81|1601,73|192,21|0,00|0,00|0,00|80,08||
|C195|161||
|C100|1|0|C11261081000108|55|00|1|4043|23181223159702000118550010000040431369506465|13122018|13122018|4234,00|1|0,00|0,00|4234,00|0|0,00|0,00|0,00|4234,00|508,08|0,00|0,00|0,00|27,51|127,02|||
|C190|000|6101|12,00|4234,00|4234,00|508,08|0,00|0,00|0,00|0,00||
|C195|162||
|C100|1|0|C11261081000108|55|00|1|4044|23181223159702000118550010000040441405212885|13122018|13122018|568,00|0|0,00|0,00|568,00|0|0,00|0,00|0,00|568,00|68,16|0,00|0,00|0,00|0,00|0,00|||
|C190|000|6910|12,00|568,00|568,00|68,16|0,00|0,00|0,00|0,00||
|C195|163||
|C100|1|0|C04243214000140|55|00|1|4045|23181223159702000118550010000040451066098284|13122018|13122018|4231,98|1|0,00|0,00|4030,46|0|0,00|0,00|0,00|4030,46|483,67|0,00|0,00|201,52|26,21|120,91|||
|C190|000|6101|12,00|4231,98|4030,46|483,67|0,00|0,00|0,00|201,52||
|C195|164||
|C100|1|0|C10230480/0018-89|55|00|1|4046|23181223159702000118550010000040461521693260|13122018|13122018|4231,50|1|0,00|0,00|4030,00|0|0,00|0,00|0,00|4030,00|483,60|0,00|0,00|201,50|26,19|120,90|||
|C190|000|6101|12,00|4231,50|4030,00|483,60|0,00|0,00|0,00|201,50||
|C195|165||
|C100|1|0|C10230480/0015-36|55|00|1|4047|23181223159702000118550010000040471960156208|13122018|13122018|11943,75|1|0,00|0,00|11375,00|0|0,00|0,00|0,00|11375,00|1365,00|0,00|0,00|568,75|73,95|341,25|||
|C190|000|6101|12,00|11943,75|11375,00|1365,00|0,00|0,00|0,00|568,75||
|C195|166||
|C100|1|0|C10230480/0006-45|55|00|1|4048|23181223159702000118550010000040481864614478|13122018|13122018|10237,50|1|0,00|0,00|9750,00|0|0,00|0,00|0,00|9750,00|1170,00|0,00|0,00|487,50|63,38|292,50|||
|C190|000|6101|12,00|10237,50|9750,00|1170,00|0,00|0,00|0,00|487,50||
|C195|167||
|C100|1|0|C14448119000136|55|00|1|4049|23181223159702000118550010000040491585699822|13122018|13122018|4800,00|1|0,00|0,00|4800,00|0|0,00|0,00|0,00|4800,00|576,00|0,00|0,00|0,00|31,20|144,00|||
|C190|000|6101|12,00|4800,00|4800,00|576,00|0,00|0,00|0,00|0,00||
|C195|168||
|C100|1|0|C05059270/0001-91|55|00|1|4050|23181223159702000118550010000040501481078393|13122018|13122018|7385,85|1|0,00|0,00|7385,85|0|0,00|0,00|0,00|7385,85|886,29|0,00|0,00|0,00|48,01|221,59|||
|C190|000|6101|12,00|7385,85|7385,85|886,29|0,00|0,00|0,00|0,00||
|C195|169||
|C100|1|0|C05059270/0001-91|55|00|1|4051|23181223159702000118550010000040511012021850|13122018|13122018|517,01|0|0,00|0,00|492,39|0|0,00|0,00|0,00|492,39|59,09|0,00|0,00|24,62|3,20|14,77|||
|C190|000|6910|12,00|517,01|492,39|59,09|0,00|0,00|0,00|24,62||
|C195|170||
|C100|1|0|C04661385/0004-31|55|00|1|4052|23181223159702000118550010000040521351114556|13122018|13122018|11956,61|1|2218,39|0,00|14175,00|0|0,00|0,00|0,00|0,00|0,00|0,00|0,00|0,00|46,62|215,21|||
|C190|041|6109|0,00|11956,61|0,00|0,00|0,00|0,00|0,00|0,00||
|C195|171||
|C100|1|0|C23069651000133|55|00|1|4053|23181223159702000118550010000040531949563312|13122018|13122018|21700,71|1|4026,27|0,00|25726,98|0|0,00|0,00|0,00|0,00|0,00|0,00|0,00|0,00|141,05|651,02|||
|C190|041|6101|0,00|21700,71|0,00|0,00|0,00|0,00|0,00|0,00||
|C195|172||
|C100|1|0|C03656804/0007-27|55|00|1|4054|23181223159702000118550010000040541355727735|13122018|13122018|39738,28|1|0,00|0,00|38169,84|0|0,00|0,00|0,00|38169,84|4580,39|0,00|0,00|1568,44|248,11|1145,10|||
|C190|000|6101|12,00|39738,28|38169,84|4580,39|0,00|0,00|0,00|1568,44||
|C195|173||
|C100|1|0|C10230480/0011-02|55|00|1|4055|23181223159702000118550010000040551454170809|13122018|13122018|15190,34|1|0,00|0,00|14507,86|0|0,00|0,00|0,00|14507,86|1740,95|0,00|0,00|682,48|94,30|435,24|||
|C190|000|6101|12,00|15190,34|14507,86|1740,95|0,00|0,00|0,00|682,48||
|C195|174||
|C100|1|0|C10230480/0006-45|55|00|1|4056|23181223159702000118550010000040561510469964|13122018|13122018|4435,20|1|0,00|0,00|4224,00|0|0,00|0,00|0,00|4224,00|506,87|0,00|0,00|211,20|27,44|126,73|||
|C190|000|6101|12,00|4435,20|4224,00|506,87|0,00|0,00|0,00|211,20||
|C195|175||
|C100|1|0|C10230480/0015-36|55|00|1|4057|23181223159702000118550010000040571856091088|13122018|13122018|10296,51|1|0,00|0,00|9812,48|0|0,00|0,00|0,00|9812,48|1177,50|0,00|0,00|484,03|63,78|294,38|||
|C190|000|6101|12,00|10296,51|9812,48|1177,50|0,00|0,00|0,00|484,03||
|C195|176||
|C100|1|0|C10230480002346|55|00|1|4058|23181223159702000118550010000040581741632806|13122018|13122018|13700,82|1|0,00|0,00|13069,37|0|0,00|0,00|0,00|13069,37|1568,33|0,00|0,00|631,45|84,96|392,08|||
|C190|000|6101|12,00|13700,82|13069,37|1568,33|0,00|0,00|0,00|631,45||
|C195|177||
|C100|1|0|C10230480/0018-89|55|00|1|4059|23181223159702000118550010000040591251513964|13122018|13122018|1473,62|1|0,00|0,00|1407,12|0|0,00|0,00|0,00|1407,12|168,85|0,00|0,00|66,50|9,15|42,21|||
|C190|000|6101|12,00|1473,62|1407,12|168,85|0,00|0,00|0,00|66,50||
|C195|178||
|C100|1|0|C07202427000464|55|00|1|4060|23181223159702000118550010000040601922262952|13122018|13122018|1955,40|1|0,00|0,00|1955,40|0|0,00|0,00|0,00|1955,40|351,97|0,00|0,00|0,00|12,71|58,66|||
|C190|000|5101|18,00|1955,40|1955,40|351,97|0,00|0,00|0,00|0,00||
|C195|179||
|C100|1|0|C04872931/0001-30|55|00|1|4062|23181223159702000118550010000040621276745031|14122018|14122018|3940,00|0|0,00|0,00|3940,00|0|0,00|0,00|0,00|0,00|0,00|0,00|0,00|0,00|0,00|0,00|||
|C110|9||
|C113|0|1|F04872931/0001-30|55|0||19805|06122018|23181204872931000130550000000198051389381936|
|C190|040|5921|0,00|3540,00|0,00|0,00|0,00|0,00|0,00|0,00||
|C190|050|5921|0,00|400,00|0,00|0,00|0,00|0,00|0,00|0,00||
|C195|180||
|C100|1|0|C01438784/0025-74|55|00|1|4063|23181223159702000118550010000040631236826453|17122018|17122018|14588,20|1|0,00|0,00|14588,20|0|0,00|0,00|0,00|14588,20|1750,58|0,00|0,00|0,00|94,81|437,65|||
|C190|000|6101|12,00|14588,20|14588,20|1750,58|0,00|0,00|0,00|0,00||
|C195|181||
|C100|1|0|C01438784001683|55|00|1|4064|23181223159702000118550010000040641222915219|17122018|17122018|8349,60|1|0,00|0,00|8349,60|0|0,00|0,00|0,00|8349,60|1001,97|0,00|0,00|0,00|54,28|250,47|||
|C190|000|6101|12,00|8349,60|8349,60|1001,97|0,00|0,00|0,00|0,00||
|C195|182||
|C100|1|0|C01438784002302|55|00|1|4065|23181223159702000118550010000040651296750385|17122018|17122018|10672,20|1|0,00|0,00|10672,20|0|0,00|0,00|0,00|10672,20|1280,66|0,00|0,00|0,00|69,37|320,17|||
|C190|000|6101|12,00|10672,20|10672,20|1280,66|0,00|0,00|0,00|0,00||
|C195|183||
|C100|1|0|C01438784006308|55|00|1|4066|23181223159702000118550010000040661575977103|17122018|17122018|6350,40|1|0,00|0,00|6350,40|0|0,00|0,00|0,00|6350,40|762,04|0,00|0,00|0,00|41,28|190,52|||
|C190|000|6101|12,00|6350,40|6350,40|762,04|0,00|0,00|0,00|0,00||
|C195|184||
|C500|0|1|F07047251/0001-70|06|00|||04|7936|18122018|20122018|18525,30|0,00|14217,48|0,00|0,00|0,00|14217,48|3554,37|0,00|0,00||0,00|0,00|3|01|
|C590|000|1252|25,00|18525,30|14217,48|3554,37|0,00|0,00|0,00||
|C990|642|
|D001|0|
|D100|0|1|F01834475000146|57|00|1||17049|23181101834475000146570010000170491053917332|30112018|01122018|0||195,12|0,00|1|195,12|195,12|35,12|0,00|||2304400|2311603|
|D190|000|1352|18,00|195,12|195,12|35,12|0,00|185|
|D100|0|1|F01834475/0002-27|57|00|1||286637|35181101834475000227570010002866371205649604|30112018|01122018|0||298,18|0,00|1|298,18|298,18|20,87|0,00|||3550308|2311603|
|D190|000|2352|7,00|298,18|298,18|20,87|0,00|186|
|D100|0|1|F01834475/0002-27|57|00|1||287002|35181201834475000227570010002870021745700669|03122018|03122018|0||352,43|0,00|1|352,43|0,00|0,00|352,43|||3550308|2311603|
|D190|090|2352|0,00|352,43|0,00|0,00|0,00|187|
|D100|0|1|F01834475/0002-27|57|00|1||287040|35181201834475000227570010002870401688349709|04122018|04122018|0||253,74|0,00|1|253,74|0,00|0,00|253,74|||3550308|2311603|
|D190|090|2352|0,00|253,74|0,00|0,00|0,00|188|
|D100|0|1|F01834475/0002-27|57|00|1||287074|35181201834475000227570010002870741873764022|04122018|04122018|0||548,97|0,00|1|548,97|0,00|0,00|548,97|||3550308|2311603|
|D190|090|2352|0,00|548,97|0,00|0,00|0,00|189|
|D100|0|1|F01834475/0002-27|57|00|1||287550|35181201834475000227570010002875501878961549|06122018|06122018|0||262,08|0,00|1|262,08|262,08|18,35|0,00|||3550308|2311603|
|D190|000|2352|7,00|262,08|262,08|18,35|0,00|190|
|D500|0|1|F33000118/0015-74|22|00|||724893|13122018|18122018|168,68|0,00|168,68|0,00|0,00|0,00|0,00|0,00||0,00|0,00||1|
|D590|090|1302|0,00|168,68|0,00|0,00|0,00|0,00|0,00||
|D990|16|
|E001|0|
|E100|01122018|31122018|
|E110|108364,59|0,00|0,00|0,00|14727,58|0,00|0,00|0,00|0,00|93637,01|0,00|93637,01|0,00|0,00|
|E116|000|93637,01|31012019|1015|||||122018|
|E500|0|01122018|31122018|
|E510|1101|00|8556,59|8556,59|1166,80|
|E510|1101|49|1364,27|0,00|0,00|
|E510|1124|49|2313,96|0,00|0,00|
|E510|1556|49|19394,71|0,00|0,00|
|E510|1902|49|456,00|0,00|0,00|
|E510|1920|49|3940,00|0,00|0,00|
|E510|2101|00|38517,59|38517,59|1925,88|
|E510|2101|49|9328,41|0,00|0,00|
|E510|2201|49|135,96|0,00|0,00|
|E510|2556|49|20833,85|0,00|0,00|
|E510|2949|49|28222,79|6436,15|321,82|
|E510|3101|03|18216,08|0,00|0,00|
|E510|5101|50|35701,27|35701,27|1785,06|
|E510|5101|53|29305,02|0,00|0,00|
|E510|5910|50|1512,45|1512,45|75,62|
|E510|5912|50|681,58|681,58|34,07|
|E510|5949|50|1136,71|1136,71|56,83|
|E510|5949|53|1471,77|0,00|0,00|
|E510|6101|50|424804,36|424804,36|21240,30|
|E510|6101|53|327318,77|0,00|0,00|
|E510|6910|50|5279,70|5279,70|264,00|
|E510|6910|53|17761,08|0,00|0,00|
|E510|6912|50|1301,14|1301,14|65,07|
|E510|6912|53|9622,51|0,00|0,00|
|E510|6949|53|25116,42|0,00|0,00|
|E520|15205,69|23520,95|3414,50|0,00|0,00|0,00|4900,76|
|E990|32|
|G001|1|
|G990|2|
|H001|1|
|H990|2|
|K001|1|
|K990|2|
|1001|0|
|1010|N|N|N|N|N|N|N|N|N|
|1990|3|
|9001|0|
|9900|0000|1|
|9900|0001|1|
|9900|0005|1|
|9900|0100|1|
|9900|0150|102|
|9900|0190|9|
|9900|0200|21|
|9900|0220|2|
|9900|0400|6|
|9900|0450|9|
|9900|0460|190|
|9900|0990|1|
|9900|1001|1|
|9900|1010|1|
|9900|1990|1|
|9900|9001|1|
|9900|C001|1|
|9900|C100|192|
|9900|C110|9|
|9900|C113|9|
|9900|C120|1|
|9900|C170|49|
|9900|C190|193|
|9900|C195|185|
|9900|C500|1|
|9900|C590|1|
|9900|C990|1|
|9900|D001|1|
|9900|D100|6|
|9900|D190|6|
|9900|D500|1|
|9900|D590|1|
|9900|D990|1|
|9900|E001|1|
|9900|E100|1|
|9900|E110|1|
|9900|E116|1|
|9900|E500|1|
|9900|E510|25|
|9900|E520|1|
|9900|E990|1|
|9900|G001|1|
|9900|G990|1|
|9900|H001|1|
|9900|H990|1|
|9900|K001|1|
|9900|K990|1|
|9900|9900|50|
|9900|9990|1|
|9900|9999|1|
|9990|53|
|9999|1096|
