00100000         212143512000196002919835001417019  01604700000000743300CANDELA COMERCIO DE ILUMINACAOBANCO DO BRASIL SA                      11802201916304600000308401600                                                                     
00100011R0100042 2012143512000196002919835001417019  0160470000000074330 CANDELA COMERCIO DE ILUMINACAO                                                                                0000000318022019                                         
0010001300001P 010160470000000074330 002919835291983500001212223049-1        1103201900000000070000000000702N150220191110320190000000000007001        00000000000000000000000000000000000000000000000A000AKE1               3001000090002919835 
0010001300002Q 011000000330986384DIEGO PEREIRA ALVES                     RUA VICENTE LEITE, 1062 AP 1300         ALDEOTA        60170151FORTALEZA      CE1000000330986384DIEGO PEREIRA ALVES                     000                            
0010001300003P 010160470000000074330 29198350000000006   1212223050-2        1003201900000000043500000000702N150220191100320190000000000004351        00000000000000000000000000000000000000000000000A000AKE3               3001000090002919835 
0010001300004Q 011000096644753353RAPHAEL TAVARES DE SOUZA                RUA CARLOS VASCONCELOS, 597 1701        MEIRELES       60115170FORTALEZA      CE1000096644753353RAPHAEL TAVARES DE SOUZA                000                            
0010001300005P 010160470000000074330 29198350000000003   1212223052-1        1803201900000000030000000000702N160220191180320190000000000003001        00000000000000000000000000000000000000000000000A000AKE4               3001000090002919835 
0010001300006Q 011000014291258372FERNANDO FROTA SAMPAIO                  R OCEANO PACIFICO, 255 B68 C1           PORTO DAS DUNAS61700000AQUIRAZ        CE1000014291258372FERNANDO FROTA SAMPAIO                  000                            
0010001300007P 010160470000000074330 29198350000000005   1212223070-1        0503201900000000072000000000702N180220191050320190000000000007201        00000000000000000000000000000000000000000000000A000AKEU               3001000090002919835 
0010001300008Q 012017032213000106JS 127 - EMPREENDIMENTO IMOBILIARIO LTDAR CAROLINA SUCUPIRA, 375                ALDEOTA        60140120FORTALEZA      CE2017032213000106JS 127 - EMPREENDIMENTO IMOBILIARIO LTDA000                            
0010001300009P 010160470000000074330 29198350000000004   1212223103-2        1904201900000000030000000000702N180220191190420190000000000003001        00000000000000000000000000000000000000000000000A000AKFY               3001000090002919835 
0010001300010Q 011000000040320391FRANCISCO ASSIS MACHADO NETO            AV DOM LUiS, 880 1  ANDAR               MEIRELES       60160230FORTALEZA      CE1000000040320391FRANCISCO ASSIS MACHADO NETO            000                            
00100015         000012                                                                                                                                                                                                                         
00199999         000001000014000000                                                                                                                                                                                                             
